4334 5490
829 260 1318 349 *14*-

226 511 417 610 adjurent.
477 510 532 584 Ab
560 509 671 583 initio
698 521 840 595 tamen,
880 506 1100 609 priusquam
1127 503 1196 578 illa
1222 494 1363 605 'cupido
1389 499 1557 577 adolevit
1584 496 1623 576 et
1639 497 1797 602 pectori
1823 497 1936 575 turea

226 646 299 732 dit,
339 644 500 720 consilio
532 642 573 719 et
599 642 729 726 labore
757 642 796 718 'et
821 640 1040 743 saepissime
1072 639 1202 726 invitis
1235 651 1390 714 naturae
1422 636 1620 713 desideriis
1642 634 1689 712 'se
1714 648 1939 721 exerceant,

228 806 379 856 necesse
405 781 494 868 est,
515 775 558 855 rit
585 778 788 880 aliquando
816 776 887 851 viri
915 775 1024 851 fortis
1051 792 1092 853 et
1112 775 1279 865 strenui,
1318 799 1408 850 cum
1440 773 1481 857 in
1506 772 1633 862 bello,
1665 768 1814 847 tumltu
1831 768 1963 852 ,uliis'

227 916 336 991 rebus
364 931 491 1018 partes
518 915 739 990 sustineant.
793 911 942 1014 Ubique
970 913 1114 1013 euenit,
1142 911 1245 1014 qnod
1272 903 1467 985 Horatius:
1500 908 1621 984 multa
1646 899 1941 1007 tulititinquito

228 1049 394 1170 lecitque
420 1077 534 1152 puer,
570 1049 718 1126 sudavit
745 1064 784 1123 et
809 1035 915 1134 alsit3
958 1047 1143 1122 abstinuit
1169 1050 1318 1123 Venere
1344 1054 1383 1120 et
1406 1045 1508 1120 vino.
1536 1053 1595 1102 -'

331 1186 370 1278 ὃ.
398 1195 460 1264 28.
516 1186 588 1261 Sed
614 1213 661 1260 ne
687 1200 780 1259 tunc
807 1183 976 1285 quidem,
1018 1209 1134 1284 quum
1160 1176 1355 1283 ponimus,
1394 1180 1503 1254 illam
1530 1178 1645 1256 animi
1671 1176 1938 1280 tranquillita-

228 1334 323 1408 tem,
351 1348 463 1421 quam
488 1347 534 1395 ex
563 1320 674 1395 rebus
700 1320 797 1394 bene
824 1318 939 1418 gestis
965 1318 1179 1420 percipiant
1204 1317 1278 1392 viri
1300 1316 1547 1418 magnanimi,
1574 1340 1594 1390 a
1616 1309 1755 1391 Nostro
1776 1305 1936 1416 quoque
2042 1410 2045 1415 Ι

229 1464 465 1557 perspectam
504 1471 544 1530 et
575 1454 675 1530 inter
705 1424 932 1556 voluptates
957 1478 1038 1526 esse
1066 1449 1247 1540 relatam,
1289 1452 1336 1526 de
1369 1451 1529 1527 veritate
1568 1451 1674 1526 illius
1691 1449 1935 1538 sententiae,

231 1617 303 1693 qua
337 1616 467 1666 omnes
500 1591 671 1666 homines
706 1590 855 1663 studere
881 1587 1109 1662 beatitudini
1142 1586 1423 1675 existimantur,
1463 1569 1609 1688 aliquid
1636 1599 1801 1672 constat;
1828 1608 1939 1659 con-

230 1727 344 1801 traria
377 1727 477 1802 euim
512 1725 715 1826 opinione,
762 1750 882 1825 eaque
915 1748 990 1798 non
1025 1723 1166 1812 minus,
1213 1722 1330 1798 immo
1363 1721 1480 1822 magis
1515 1719 1721 1822 probabili,
1763 1719 1947 1795 tollitur.-

232 1861 341 1956 Quae
376 1861 640 1936 contradictio
660 1859 749 1934 satis
782 1859 934 1960 probat,
976 1859 1037 1933 uia
1070 1858 1268 1961 empirica,
1312 1883 1425 1961 quarn
1452 1857 1600 1947 dicunt,
1623 1855 1793 1932 'nullum
1816 1855 1940 1957 plane

232 1997 439 2097 sapientiae
465 1997 649 2098 placitum
674 2020 745 2098 pro
772 1994 919 2070 ratione
946 1993 1212 2096 philosophica
1243 1993 1371 2068 doceri
1403 1989 1549 2096 posse.
1598 1991 1703 2088 Quid
1737 1990 1838 2066 eninr
1861 1990 1939 2065 ins-

95 2210 99 2219 ,
232 2131 357 2233 pedit,
400 2133 492 2233 quin
525 2135 681 2208 Brutum
715 2129 812 2205 alius
845 2130 1242 2234 proptervirtutem,
1271 2130 1387 2205 alins·
1405 2144 1565 2233 propter
1597 2127 1863 2228 voluptatem,¹
1883 2152 1951 2187 -ι

237 2266 351 2341 animi
379 2268 696 2370 tranquillitatem
720 2265 817 2353 dico,
844 2308 897 2322 -
918 2264 1021 2341 filios
1047 2264 1192 2367 capitis
1208 2263 1403 2342 darnnasse
1429 2277 1616 2352 autumet,
1645 2289 1762 2366 quum
1791 2277 1944 2339 utrum-

234 2427 308 2503 que
336 2403 410 2477 dici
439 2402 609 2504 quidem,
652 2401 717 2477 sed
734 2376 971 2502 argumentis
996 2429 1047 2479 ex
1076 2400 1224 2477 ratione
1256 2400 1385 2504 petitis
1412 2398 1660 2479 demonstrari
1696 2423 1773 2477 nou
1798 2397 1940 2500 possit.

234 2537 496 2611 Res'hominis
524 2552 650 2638 gestae
677 2537 846 2613 sensibus
875 2537 1027 2639 quidem
1053 2536 1336 2640 percipiuntur,
1367 2538 1434 2612 sed
1460 2534 1553 2640 quid
1580 2561 1669 2613 eum
1693 2534 1741 2608 ad
1765 2559 1826 2611 res
1847 2558 1944 2638 per-

236 2673 437 2773 petrandas
459 2674 643 2764 moverit,
675 2673 770 2748 latet
796 2672 984 2776 reliquos,
1019 2699 1243 2776 semperque
1269 2670 1417 2750 latebit.
1489 2728 1492 2735 ·
1677 2645 1680 2648 .

276 2820 281 2827 ’
338 2808 376 2902 §.
401 2818 464 2887 29.
512 2812 646 2886 Beatae
667 2808 766 2886 ritae
787 2809 970 2899 studium,
997 2807 1100 2884 dicet
1119 2809 1279 2886 fortasse
1298 2808 1412 2898 alius,
1440 2823 1498 2884 est
1517 2821 1673 2885 naturae
1687 2799 1955 2886 desidorium.⁴

236 2943 360 3019 Homo
377 2943 537 3019 ¹scilicet
559 2972 583 3020 a
610 2960 742 3020 natura
768 2944 830 3018 ita·
847 2960 1084 3047 comparatus
1109 2960 1188 3035 est,
1223 2959 1265 3020 ut
1290 2944 1337 3020 ad
1364 2944 1509 3048 aliquid
1531 2944 1784 3045 appetendum
1807 2927 1949 3023 neces·

208 3075 337 3156 ‘sario
365 3079 594 3182 impellatur.
659 3083 748 3181 Ipso
774 3093 900 3156 tamen
928 3079 1071 3180 agendo
1099 3095 1139 3156 et
1164 3081 1415 3184 assequendo,
1443 3080 1547 3183 quod
1572 3081 1707 3182 petiit,
1741 3059 1959 3184 uoluptate·

238 3213 387 3290 fruitur.
458 3211 646 3289 Anatura
680 3213 797 3315 igitur
830 3215 876 3289 ad
910 3216 1144 3318 voluptatem
1177 3216 1250 3291 sibi
1283 3216 1529 3319 expetendam
1563 3214 1827 3320 compellitur,
1869 3235 1960 3294 nec

113 3367 120 3378 ·
241 3349 322 3423 ullo
360 3350 473 3424 modo
513 3349 609 3425 hauc
643 3366 798 3442 naturae
832 3327 1095 3427 necessitatem
1119 3351 1276 3428 'euitare
1309 3367 1450 3455 potest.
1528 3352 1713 3441 Videsne,
1736 3350 1948 3447 -exolerpa't

239 3484 340 3572 iste,¹
362 3488 486 3587 quum
506 3511 617 3563 nemo
644 3510 721 3560 non
744 3488 793 3560 ad
818 3485 951 3562 beatae
976 3492 1078 3564 uitae
1100 3487 1270 3564 studium
1297 3503 1470 3588 cogatur,
1503 3511 1634 3562 omnes
1655 3488 1766 3585 beate
1787 3487 1964 3566 vivendi*

241 3620 450 3721 cupiditate
477 3647 557 3696 esse
584 3622 770 3697 incensos.
805 3623 840 3722 ¹)
869 3664 916 3678 -
945 3625 1067 3698 Immo
1094 3622 1223 3711 video,
1265 3623 1475 3725 uoluptatis
1499 3621 1628 3698 studio
1654 3623 1695 3697 in
1723 3620 1948 3702 uniuersum

242 3779 372 3830 omnes
408 3755 531 3842 allici,
580 3770 761 3844 attamen,
807 3757 876 3857 qui
906 3756 1092 3833 invitatur
1124 3774 1152 3834 'a
1185 3758 1343 3851 Sirenis,
1381 3785 1457 3834 non
1495 3757 1622 3834 statim
1661 3784 1725 3835 eas
1751 3759 1962 3862 sequitur.-

240 3884 405 3966 Naturae
431 3889 686 3990 incitamentis
714 3890 868 3969 minime
895 3891 1065 3993 subjecta
1092 3907 1150 3968 est
1181 3894 1337 3991 libertas
1371 3894 1579 3972 uoluntatis
1604 3892 1813 3971 humanae.
1886 3899 1960 3973 Ad·

120 4078 126 4085 -
240 4051 283 4102 ea
311 4025 454 4131 igitur,
478 4008 585 4129 quae
600 4042 705 4103 recta
730 4028 877 4104 ratione
904 4028 1155 4131 imperantur,
1182 4055 1354 4132 quaeque
1378 4043 1532 4106 naturae
1553 4029 1751 4108 desideriis
1773 4029 1964 4132 plemm-

242 4188 317 4263 que
343 4161 529 4238 contraria
557 4177 662 4252 sunt,
704 4161 827 4239 libero
854 4189 901 4241 ex
925 4164 1085 4243 arbitrio
1111 4163 1231 4240 adniti
1258 4189 1477 4269 possumus,
1513 4162 1589 4243 hoc
1614 4181 1673 4245 est
1697 4163 1799 4244 euin
1826 4148 1998 4276 liberi-3

237 4353 529 4372 —-—-—-—-
622 4360 627 4367 ι
674 4360 678 4367 r

303 4445 329 4518 ¹)
372 4442 496 4508 lleut'r
518 4454 618 4510 Kritik
638 4454 691 4510 der
712 4441 903 4528 praktbehe'n
925 4456 1088 4525 vernunst,
1113 4471 1144 4528 p·
1163 4456 1215 4516 45.
1236 4457 1326 4512 dnm.
1345 4456 1388 4514 11.
