4334 5490
827 291 1316 377 .-......18........

330 539 453 633 Quem
477 535 755 640 syllogismum,
783 548 826 610 ut
848 512 1124 623 examinemus,
1152 531 1408 635 quaerendum
1429 531 1597 621 ridetur,
1624 531 1805 635 primum,
1833 532 1934 635 quid

226 672 278 749 sit
302 674 463 761 bonum,
481 671 652 760 deinde,
686 667 780 770 quid
805 669 945 744 Noster
970 670 1111 745 bonum
1137 693 1220 746 esse
1245 681 1410 747 censeat.
1470 668 1629 770 Duplex
1654 668 1805 745 videtur
1832 667 1932 745 boni

225 835 360 911 genus,
395 808 557 885 alterum
585 805 805 893 relativum,
840 805 1000 879 alterum
1028 804 1254 881 absolutum.
1321 792 1548 907 Plerumque
1578 803 1721 879 bonum
1754 819 1795 881 et
1829 805 1932 884 utile

225 944 324 1017 idem
357 941 516 1030 dicitur,
555 941 699 1043 quippe
731 966 848 1041 quum
881 939 1035 1040 quaevis
1069 966 1145 1029 res,
1187 964 1285 1041 quae
1311 939 1358 1014 ad
1383 939 1623 1041 propositum
1650 939 1934 1042 assequendum

225 1078 332 1154 utilis
360 1092 434 1168 est,
462 1076 559 1151 bona
583 1077 819 1152 exhibeatur.
874 1079 966 1152 Rem
993 1074 1179 1176 ejusmodi
1205 1075 1323 1175 igitur
1349 1101 1397 1150 ex
1422 1066 1610 1152 relatione
1636 1074 1682 1149 ad
1710 1074 1822 1151 aliam
1846 1101 1933 1152 rem
1977 1122 2025 1151 -.

224 1214 354 1289 lerunt
379 1213 533 1302 bonam,
565 1212 637 1287 hac
663 1227 789 1288 tamen
817 1213 1054 1301 conditione,
1096 1227 1140 1288 ut
1171 1238 1231 1289 res
1265 1211 1362 1308 ipse,
1402 1210 1589 1312 adquam
1615 1209 1820 1303 reseratur,
1861 1227 1933 1290 ant

227 1350 276 1425 sit
302 1348 442 1424 bonum
471 1322 665 1451 quiddam,
707 1363 773 1421 aut
799 1349 940 1422 bonum
968 1347 1121 1450 quidem
1148 1348 1201 1437 ei,
1243 1345 1310 1449 qui
1337 1346 1433 1447 agit,
1471 1372 1554 1423 esse
1585 1346 1770 1426 videatur.
1846 1349 1932 1446 Qui

225 1487 285 1573 lit,
319 1483 550 1586 quaerimus,
581 1501 708 1558 utres
735 1498 930 1584 exoptata,
959 1510 1071 1584 quam
1097 1482 1232 1584 agendi
1256 1484 1371 1559 finem
1393 1482 1574 1572 dicimus,
1600 1481 1786 1585 bonusne
1814 1484 1965 1563 uobis'

226 1620 488 1695 existimetur?
541 1617 701 1720 Duplici
729 1619 876 1707 ratione
902 1619 940 1692 id
967 1618 1050 1694 ficri
1077 1634 1215 1722 potest.
1282 1621 1354 1696 Res
1373 1619 1472 1696 bona
1498 1599 1740 1720 nuncupatur
1761 1620 1934 1724 ideoque
2012 1714 2015 1723 Ι

123 1859 126 1864 ι
225 1750 404 1856 tanquam
431 1755 517 1829 finis
544 1754 788 1857 proponitur,
822 1770 888 1830 aut
914 1755 1017 1857 quod
1038 1755 1227 1858 sensibus,
1260 1770 1327 1831 aut
1349 1755 1451 1856 quod
1470 1748 1608 1831 rationi
1629 1755 1765 1858 placet.
1832 1758 1934 1835 Sen-v

210 1890 329 1966 sibus
356 1891 396 1967 id
423 1891 566 1993 placet,
602 1915 677 1993 quo
704 1891 902 1993 voluptate
929 1864 1132 1981 afficimur,
1166 1916 1283 1992 quare
1304 1891 1386 1994 ipsa
1406 1891 1583 1994 voluptas
1605 1893 1707 1995 apud
1726 1917 1803 1983 eos,
1830 1920 1934 1996 quo-

226 2054 310 2103 rum
344 2026 401 2103 vis
426 2025 620 2127 judicandi
649 2026 748 2102 solas
783 2051 961 2102 sensuum
993 2026 1216 2128 praestigias
1247 2027 1455 2129 sequitur,
1476 2027 1730 2130 principatum
1765 2029 1931 2123 obtinet,

224 2163 351 2265 'iisque
378 2189 565 2239 summum
592 2164 734 2238 bonum
761 2187 843 2238 esse
869 2161 1057 2238 uidetur.⁴
1097 2161 1247 2237 Ratiooi
1273 2155 1418 2266 placet,
1456 2189 1543 2239 cum
1575 2164 1677 2267 quod
1712 2165 1804 2266 ipsi,
1845 2180 1933 2242 tum

155 2349 158 2354 -
227 2300 330 2401 quod
357 2298 441 2399 ejus
469 2299 515 2375 de
542 2299 710 2375 moribus
738 2297 950 2400 praeceptis
977 2306 1272 2394 consentaneum
1298 2314 1373 2389 est,
1406 2299 1575 2375 divinum
1601 2300 1720 2400 igitur
1745 2316 1785 2377 et
1810 2301 1932 2379 altius

229 2435 426 2537 quiddam,
462 2433 580 2536 quod,
614 2434 756 2511 viribus
785 2435 899 2510 animi
928 2433 1150 2510 elatioribus
1178 2412 1323 2526 nixum,
1363 2462 1589 2512 asensuum
1615 2435 1841 2514 titillatione
1871 2453 1934 2513 est

181 2636 183 2641 .
228 2569 540 2661 remotissimum,
578 2595 645 2647 nos
672 2587 851 2675 appetere
877 2570 998 2672 jubet.
1030 2572 1064 2671 ²)
1130 2570 1175 2644 ld
1209 2573 1398 2673 posterius
1431 2599 1617 2648 summurn
1644 2587 1684 2648 et
1710 2570 1932 2648 ahsolutum

227 2704 370 2779 bonum
401 2732 422 2780 a
455 2704 664 2808 sapientiae
695 2707 874 2783 studiosis
900 2706 1051 2787 dicitur.
1126 2707 1210 2781 Hoc
1235 2706 1385 2784 demum
1411 2707 1513 2783 hono
1540 2707 1748 2784 constituto
1775 2709 1933 2800 scimus,

229 2841 321 2943 quid
347 2867 476 2917 revera
503 2842 553 2919 ait
577 2843 719 2919 bonum
746 2858 785 2919 et
812 2843 904 2945 quid
931 2842 1084 2917 intersit
1108 2841 1209 2919 inter
1234 2819 1443 2920 honum'et
1463 2844 1572 2921 utile.
1625 2847 1792 2947 Apparet
1813 2822 1932 2938 enim,

229 3003 249 3052 a
277 2977 425 3053 ratione
452 2976 549 3053 nihil
574 2979 717 3054 bonum
743 2978 837 3066 dici,
878 2977 950 3052 nisi
979 2976 1209 3079 quodbono
1234 2978 1295 3055 illi
1322 2979 1498 3056 absoluto
1524 2996 1590 3057 aut
1621 2995 1822 3082 congruat,
1863 2998 1935 3060 aut

230 3113 275 3188 ad
303 3113 427 3215 ipsum
455 3114 727 3215 assequendum
755 3112 900 3214 aliquid
927 3112 1108 3189 conserat.
1175 3114 1278 3205 lllud
1304 3142 1373 3218 per
1399 3142 1456 3206 se,
1494 3114 1569 3192 hoc
1595 3144 1641 3194 ex
1668 3115 1856 3193 relatione
1884 3120 1935 3196 ad

229 3249 371 3324 bonurn
398 3249 613 3324 absolutum
636 3249 778 3324 bonum
805 3248 962 3338 dicitur,
998 3248 1175 3325 nimirum
1200 3251 1342 3326 bonum
1368 3251 1581 3328 relativum.
1637 3252 1783 3348 Quodsi
1812 3253 1936 3356 igitur

233 3386 403 3460 sensibus
434 3386 575 3487 placet,
616 3400 656 3460 et
682 3385 792 3488 plura
824 3385 898 3460 alia
931 3366 1059 3462 dicere
1090 3385 1205 3475 bona,
1245 3401 1284 3462 et
1315 3377 1568 3464 felicitatem
1571 3414 1758 3463 summum
1784 3388 1936 3468 bonum
2008 3398 2014 3407 '

232 3521 463 3609 existimare,
500 3537 542 3596 ut
570 3546 679 3622 supra
707 3521 888 3609 diximus,
921 3519 995 3596 hoc
1022 3545 1098 3596 non
1125 3519 1321 3599 ferendum
1348 3540 1423 3614 est,
1458 3524 1601 3626 quippe
1627 3551 1743 3626 quum
1765 3549 1843 3600 non
1870 3552 1936 3601 ra·

231 3656 287 3731 tio
314 3682 492 3736 sensuum
519 3655 710 3731 illecebris
737 3644 932 3758 corrupta
947 3659 1015 3732 sed
1045 3656 1143 3732 ratio
1170 3682 1263 3760 pura
1297 3671 1336 3736 et
1363 3658 1507 3736 sineere
1539 3660 1588 3734 de
1614 3659 1788 3734 omnibus
1817 3661 1936 3740 rebus

232 3790 357 3866 facere
383 3791 518 3902 debeat
543 3788 740 3890 judicium.
797 3792 899 3899 Quid
928 3808 1052 3867 autem
1080 3808 1210 3868 censet
1234 3793 1332 3870 ratio
1357 3795 1405 3872 de
1431 3794 1640 3873 felicitate?
1693 3796 1937 3904 Simulatque

233 3927 440 4014 intellexit,
481 3925 705 4003 felicitatem
740 3927 785 4002 ad
819 3927 916 4004 bene
943 3929 1125 4029 agendum
1156 3900 1331 4006 nonniliil
1357 3928 1503 4010 facere
1508 3958 1637 4036 posse,
1677 3932 1820 4010 bonum
1846 3960 1938 4016 esse

229 4142 522 4157 m

361 4277 473 4344 initio,
498 4275 601 4329 invitis
625 4284 750 4329 naturae
771 4254 941 4344 desideriis,
960 4285 1049 4331 recte
1061 4275 1205 4349 beneque
1224 4277 1299 4335 facit
1320 4294 1376 4334 nec
1396 4277 1551 4352 hucusque
1572 4282 1774 4352 voluptatum,
1800 4299 1862 4355 qu«
1884 4300 1937 4339 ex·
1989 4299 1993 4309 ·

238 4369 240 4373 Α
360 4378 431 4431 inde
453 4374 593 4447 perfundi
614 4384 725 4449 petest,
754 4387 888 4447 expertus
908 4386 970 4446 est,
995 4379 1113 4433 virtutis
1136 4380 1256 4434 leudem
1275 4383 1365 4452 plene
1387 4380 1527 4455 derogare
1549 4398 1609 4435 non
1631 4380 1735 4440 audeo.

292 4487 318 4564 ¹)
361 4495 409 4550 Cf.
432 4492 460 4563 S
479 4497 530 4554 82.
553 4512 576 4550 ι.
598 4494 624 4550 s.
645 4503 726 4567 atq.
748 4494 827 4549 inite
848 4513 896 4568 cp
887 4499 945 4555 .6.
967 4495 1220 4563 disaemmnn-
1244 4497 1413 4559 Elveuiclr’s
1433 4491 1742 4579 Mnuptilonpuiec
1754 4503 1783 4559 l·
1809 4502 1861 4560 l!-
1884 4514 1927 4558 c.
2003 4548 2007 4555 .
