4334 5490
1351 815 1399 870 ἦν

598 1192 1408 1331 INTuoouoTIO.

834 1609 1175 1622 ————

834 1625 1175 1634 -n-—un

258 1895 356 2024 De
382 1955 441 2024 vio
468 1964 506 2025 et
532 1955 703 2039 ratione,
742 1924 820 2052 qua
845 1952 1079 2028 Aristoteles
1106 1955 1144 2026 in
1169 1923 1309 2026 summi
1335 1949 1424 2026 boni
1446 1913 1602 2027 ¹notione
1627 1904 1850 2029 inveniendo

157 2159 246 2210 usos
271 2151 348 2225 est,
374 2136 582 2237 inquirere,
614 2137 655 2210 in
682 2136 848 2210 animum
875 2136 1018 2211 induxi.
1056 2137 1175 2212 -Haec
1201 2135 1301 2251 enim
1330 2149 1387 2210 est
1411 2134 1678 2239 philosophiae
1705 2147 1847 2229 natura,

157 2336 199 2397 ut
225 2319 307 2420 ejus
333 2323 550 2399 tractandae
576 2336 703 2425 genus¹
726 2324 772 2398 ad
806 2349 893 2399 vera
925 2323 1193 2426 perscrutanda
1220 2348 1306 2397 cum
1332 2322 1432 2424 apud
1458 2346 1606 2411 omnes,
1638 2338 1719 2398 tum
1747 2292 1848 2426 apud

157 2507 377 2609 Stagyritam
404 2510 609 2628 plurimum
638 2509 777 2597 valeat3
818 2535 887 2584 neo
913 2438 1081 2583 dubium·
1097 2522 1169 2595 est,
1210 2508 1319 2609 quin,
1361 2507 1436 2583 hoc
1462 2509 1632 2627 cognito,
1673 2512 1720 2587 de
1748 2465 1848 2589 sum·

153 2694 224 2768 mis
251 2694 334 2796 ejus
360 2695 510 2799 placitis
536 2695 720 2772 facillime
745 2698 810 2772 fiat
835 2693 1032 2796 judicium.
1088 2695 1279 2770 Conamen
1302 2693 1421 2795 igitur
1439 2721 1564 2770 meum
1580 2643 1655 2772 ¹nec
1673 2698 1845 2800 ineptum

153 2907 223 2958 nec
253 2908 273 2955 a
301 2898 451 2957 nostrae
478 2883 612 2957 aetatis
640 2882 773 2958 studiis
801 2879 967 2958 alienum
999 2825 1111 2968 esseJ
1137 2879 1394 2955 demonstrare
1427 2882 1665 2982 supeusedeo.
1745 2885 1845 2999 Num
1908 2916 1911 2923 <

149 3082 277 3143 tamen
302 3067 456 3171 aliquid
488 3083 697 3144 memoratu
729 3033 882 3169 dignum
918 3066 992 3151 hoc
1025 3065 1065 3141 in
1089 3068 1277 3170 opusculo
1304 3066 1546 3170 protulerim,
1578 3016 1670 3160 ¹alii,
1711 3070 1844 3147 harum

150 3279 276 3329 rerum
304 3253 468 3352 judaec,
503 3252 670 3329 videant!
744 3255 868 3351 Quos,
911 3268 954 3329 ut
979 3279 1118 3355 aequos
1154 3267 1193 3331 et
1219 3251 1424 3329 benevolos
1451 3253 1625 3345 habeam,
1666 3228 1843 3359 libellum

148 3438 432 3542 perspicuitatis
460 3465 589 3515 caussa
615 3439 654 3513 in
680 3439 804 3542 capita
831 3455 870 3515 et
895 3439 1147 3542 paragraphos
1167 3439 1304 3528 dividi,
1331 3456 1525 3541 praeterea
1550 3442 1677 3544 'ipsum
1699 3444 1843 3520 Aristo·

145 3627 265 3703 telem
292 3627 332 3701 in
359 3626 481 3727 primo
508 3617 634 3728 capite
660 3627 707 3703 de
733 3627 904 3702 doctrina
932 3586 1278 3746 sua'disp'utantem
1305 3625 1396 3717 leci,
1440 3653 1487 3703 ne
1518 3628 1618 3704 desit
1645 3629 1728 3731 ejus
1756 3590 1849 3707 sen·x

144 3812 351 3890 tentiarum
383 3812 507 3890 brevis
540 3812 758 3916 descriptio,
838 3815 881 3886 In
910 3812 1002 3915 ipsis
1027 3813 1224 3890 sententiis
1255 3814 1510 3890 describendis
1538 3815 1662 3891 Ethic.
1691 3817 1836 3892 Nicom.

144 3998 266 4074 libros
300 3998 539 4101 potissimum
571 4015 723 4075 secutus
756 4025 855 4088 sum,
894 3987 1111 4101 propterea,
1152 3999 1254 4101 quod
1285 4001 1331 4078 de
1357 4000 1493 4078 horum
1519 3992 1714 4079 authentia
1741 4005 1839 4083 inter

144 4208 279 4260 omnes
304 4201 462 4261 constat.
527 4187 600 4262 Sed
625 4185 749 4291 ipsum
773 4185 1015 4308 Aristotelem
1043 4183 1248 4262 audiamus.

540 4453 561 4488 0
