4334 5490
835 254 1315 397 —34÷

92 600 101 621 .
226 543 378 636 dicunt,
419 544 568 648 petitis,
608 542 656 621 ad
678 556 844 621 humens·
868 542 1150 646 comprobanda
1176 548 1322 633 utatur,
1363 567 1426 619 res
1454 542 1643 618 naturales
1676 556 1716 617 et
1742 539 1940 640 intelligi·
2003 540 2007 545 ’

225 679 324 759 biles
350 680 485 760 iisdem
508 667 660 784 legibus
685 680 876 784 procreari
896 695 948 757 'et
981 681 1162 758 exsistere
1193 681 1303 757 nullo
1335 694 1574 782 argumento,
1618 679 1723 794 nulla
1756 677 1941 754 admoni-

226 819 334 896 tione
358 834 399 896 et
423 797 748 897 animadversione
773 819 916 908 allata,
934 819 1136 895 affirmans.
1160 821 1193 920 ¹)

329 955 369 1050 §.
397 961 460 1037 49.
512 956 656 1032 Mirum
688 956 729 1033 in
760 957 915 1031 modum
947 959 1097 1032 tandem
1131 982 1153 1030 a
1183 968 1286 1031 recta
1318 952 1613 1055 philosophandi
1652 951 1802 1028 ratione
1838 950 1939 1028 mihi

226 1091 419 1169 aberrasse
445 1092 613 1181 videtur,
655 1093 687 1169 si
723 1093 774 1168 ab'
797 1092 908 1169 initio
942 1093 982 1169 in
1008 1093 1176 1170 omnium
1205 1116 1390 1166 consensu
1424 1104 1463 1165 et
1489 1089 1737 1164 ratiocinandi
1764 1103 1849 1164 arte
1880 1090 1941 1162 ni-

227 1254 298 1303 xus
332 1226 507 1304 evincere
541 1228 684 1318 studet,
725 1228 949 1304 felicitatem
977 1257 1058 1305 esse
1091 1254 1309 1329 supremum
1342 1226 1456 1300 finem
1491 1239 1531 1299 et
1563 1251 1748 1300 summum
1776 1224 1939 1312 bonurn,

228 1337 448 1466 priusquam
475 1376 514 1438 et
539 1362 586 1438 de
612 1362 732 1451 bono,
770 1363 873 1463 quod
899 1389 1028 1436 revera
1055 1362 1107 1436 ita
1134 1362 1210 1436 dici
1238 1374 1379 1464 potest,
1419 1373 1458 1435 et
1489 1359 1538 1434 de
1564 1358 1751 1434 felicitate
1785 1358 1941 1460 aliquid

231 1500 327 1577 certi
355 1497 552 1575 statuerit·
611 1501 814 1596 Quomodo
841 1497 941 1574 enim
957 1525 1048 1579 ‚rem
1075 1499 1131 1576 rei
1158 1522 1353 1600 compares
1380 1510 1418 1570 et
1444 1497 1599 1570 eandem
1628 1510 1666 1570 et
1693 1522 1820 1597 parem
1852 1523 1942 1574 esse

229 1652 401 1724 censeas,
448 1633 521 1710 nisi
562 1649 722 1736 utraque
759 1609 814 1711 re·
838 1635 915 1735 jam
953 1636 1103 1737 cognita
1143 1649 1183 1711 et
1219 1635 1266 1707 ab
1300 1631 1475 1707 omnibus
1515 1631 1685 1734 partibus
1718 1649 1936 1736 perspecta.

30 1849 34 1858 ,
94 1852 97 1857 ‚
230 1770 382 1847 Deinde
418 1770 575 1847 rationis
610 1770 964 1869 aurilioevincere
997 1786 1176 1861 conatur,
1216 1795 1401 1846 summum
1428 1768 1577 1843 bonum'
1597 1768 1784 1844 contineri
1818 1770 1860 1843 in
1889 1795 1940 1846 eo

229 1906 481 2011 perficiendo,
508 1905 555 1988 ad
582 1908 683 2008 quod
710 1923 819 1983 natus
845 1909 895 1983 sit
921 1907 1055 2000 homo,
1083 1935 1130 1985 ne
1157 1908 1294 1995 multa,
1321 1903 1613 1981 destinationem
1640 1929 1723 1981 esse
1743 1929 1942 1981 summum

234 2042 389 2117 bonum.
469 2041 549 2115 Hac
580 2042 642 2118 via
673 2043 823 2119 veritati
857 2027 1079 2145 propiorem
1108 2043 1311 2118 accessisse
1342 2040 1542 2129 Nostrum,
1579 2065 1697 2141 quum
1734 2039 1857 2128 dicat,
1900 2040 1942 2125 in

149 2230 183 2255 .,
232 2176 374 2254 virtute
407 2191 447 2252 et
477 2175 574 2254 bene
608 2178 753 2278 agendo
784 2175 983 2251 maximam
1023 2191 1168 2278 partem
1202 2176 1390 2253 contineri
1427 2175 1593 2251 hominis
1626 2174 1939 2265 destinationem,

232 2311 516 2390 concedendum
557 2328 626 2388 est.
706 2315 749 2386 ln
782 2338 828 2388 eo
860 2328 986 2390 tamen
1020 2313 1210 2416 peccavit,
1258 2312 1360 2415 quod
1394 2311 1590 2414 utriusque
1630 2309 1942 2412 investigationis

231 2447 518 2524 conclusionem
537 2450 949 2524 temere-consarcinet.
1003 2449 1098 2524 Nam
1119 2449 1179 2549 via
1200 2448 1382 2551 empirica
1410 2447 1559 2529 statuit:
1579 2446 1771 2521 su‘mmum
1790 2447 1942 2525 bonum

233 2606 316 2657 esse
341 2581 585 2672 felicitatem
621 2583 681 2660 via
709 2565 865 2659 rationis
892 2599 1042 2660 contras
1086 2611 1272 2661 summum
1298 2584 1440 2659 bonum
1467 2607 1549 2660 esse
1574 2580 1873 2659 destinationem
1902 2598 1944 2660 et

233 2692 524 2795 destinationem
559 2717 772 2794 actionibus
805 2718 938 2795 virtuti
976 2719 1191 2823 rationique
1229 2718 1491 2797 consentaneis
1529 2718 1729 2794 contineri.
1794 2700 1942 2815 ¹Quum

234 2851 352 2953 igitur
380 2895 433 2908 —
466 2853 517 2927 ita
545 2854 692 2930 Noster·
709 2855 918 2944 conclusit,
951 2898 1003 2912 -
1035 2869 1075 2932 et
1107 2855 1271 2945 felicitas
1304 2868 1344 2930 et
1373 2855 1557 2930 virtutum
1586 2853 1804 2958 perfunctio
1829 2880 1942 2953 sum7

235 3013 339 3090 mum
367 2986 508 3063 bonum
530 2989 790 3090 perhibeatur,
827 2990 1051 3067 felicitatem
1077 2989 1261 3066 virtutum
1287 2989 1593 3093 perfunctionem
1619 3015 1700 3065 esse
1726 3003 1898 3091 oportet.

340 3120 378 3215 ὃ.
406 3119 467 3199 60.
522 3123 650 3218 Quum
677 3140 870 3226 praeterea
898 3151 919 3199 a
946 3152 986 3201 se
1013 3125 1214 3228 impetrare
1241 3149 1317 3201 non
1341 3143 1486 3229 posset,
1516 3125 1609 3227 quin
1635 3124 1829 3201 hominem
1856 3152 1943 3203 om-

197 3231 202 3240 *
237 3257 349 3333 nibus
376 3258 507 3348 rebus,
547 3272 588 3333 ut
614 3261 829 3364 voluptate,
863 3260 1011 3353 amicis,
1044 3261 1155 3337 bonis
1185 3261 1351 3338 externis
1379 3277 1419 3338 et
1444 3262 1547 3359 aliis,
1580 3260 1756 3355 orbatum
1779 3261 1944 3340 felicem

237 3393 488 3501 praedicaret,
531 3421 649 3496 quum
675 3409 790 3498 porro
817 3400 863 3475 de
889 3397 1316 3474 animiimmortalitate
1346 3398 1459 3474 etde
1484 3412 1635 3474 aeterna
1661 3396 1823 3498 quadani
1848 3397 1947 3475 feli-

238 3529 355 3606 tiitate
388 3530 484 3605 nihil
519 3529 678 3625 baberet
710 3557 948 3634 persuasum,
986 3535 1129 3622 evenit,
1169 3549 1212 3609 ut
1237 3549 1391 3611 externa
1416 3533 1516 3609 bona
1542 3533 1711 3636 aliasque
1736 3558 1798 3610 res
1823 3560 1945 3611 vanas

239 3689 388 3740 summo
413 3663 515 3740 bono
542 3666 698 3743 adderet
724 3666 837 3770 idque
864 3667 917 3744 ita
942 3669 1191 3759 describeret,
1232 3682 1275 3743 ut
1299 3669 1452 3746 fortuna
1478 3669 1629 3748 favente
1653 3668 1717 3745 vix
1743 3695 1764 3745 a
1791 3673 1946 3773 paucis,

239 3797 378 3875 nedum
404 3800 451 3874 ab
478 3801 654 3877 omnibus
680 3804 890 3904 comparari
917 3818 1058 3907 posset.
1126 3805 1319 3881 Summum
1353 3822 1480 3885 autem
1512 3805 1645 3908 agendi
1677 3806 1794 3880 finem
1820 3780 1948 3887 talem

240 3917 518 4039 esse'oporte't,
554 3940 620 4040 qui
647 3938 760 4014 rebus
787 3938 951 4017 adversis
976 3943 1121 4044 pariter
1144 3966 1188 4017 ac
1214 3941 1428 4018 secundisa
1453 3941 1676 4017 mortalibus
1697 3941 1829 4044 expeti
1851 3970 1949 4048 pos-

241 4070 308 4160 sit,
349 4070 562 4148 officiorum
590 4072 691 4149 enirn
719 4091 917 4179 praecepta
944 4074 1242 4154 omnibuslocis
1269 4077 1520 4179 omnibusque
1545 4076 1782 4180 temporibus
1805 4080 1954 4186 rigent

240 4219 280 4283 et
304 4205 501 4308 imperant.

309 4473 338 4555 ¹)
379 4482 478 4539 naue.
501 4442 618 4541 Nisam,
642 4485 692 4541 vr.
713 4489 745 4546 a.
768 4504 798 4559 p.
822 4489 914 4546 rrae.
937 4503 966 4542 v.
992 4489 1041 4546 ro.
