4334 5490
860 285 1348 369 ...ιθ-.-

254 527 443 631 Equidem
477 523 731 611 nontnfirias
765 548 828 614 co,
868 522 925 633 rei
956 523 1055 607 bene
1086 540 1213 629 gestae
1246 525 1517 609 conscientiam
1543 528 1736 606 delectare
1767 546 1807 607 et
1833 531 1953 634 ipsam

253 663 547 755 delectationem
570 685 651 745 non
675 657 876 741 minimum
898 659 1094 763 perfectae
1120 661 1273 739 virtutis
1295 687 1382 738 esse
1403 662 1569 764 sigrium,
1597 664 1663 740 scd
1685 693 1775 741 num
1797 684 1957 771 propter
2066 638 2069 644 ⁴

253 797 354 877 hanc
379 799 805 900 voluptatcmmortem
839 795 1082 899 praetulerit,
1123 797 1372 873 nihilominus
1399 797 1558 873 dubito?
1625 799 1664 874 Si
1692 801 1847 904 iserat,
1889 803 1954 905 qui

256 934 371 1025 nibil,
407 932 481 1013 nisi
507 932 696 1036 jucundos
723 929 839 1015 animi
863 930 1022 1044 affectus
1049 947 1265 1035 quaereret,
1301 957 1426 1009 nonne
1453 961 1540 1011 eum
1565 933 1752 1011 minorem
1777 938 1955 1040 volupta-

253 1086 333 1163 tem
356 1069 495 1173 majori
520 1062 747 1171 posthabere
769 1064 969 1169 ,oportuitl
1024 1068 1128 1164 Quid
1155 1083 1280 1145 autem
1306 1068 1424 1171 magis
1451 1069 1634 1159 delectat,
1662 1099 1753 1146 num
1773 1072 1849 1149 vita
1871 1072 1953 1151 sine

236 1207 365 1308 ¹,culpa
397 1221 570 1309 peracta,
608 1201 926 1306 contemplationi
960 1228 1087 1312 rerum
1120 1203 1367 1305 humanarum
1409 1220 1448 1283 et
1480 1206 1693 1284 divinarum
1727 1207 1870 1299 dedita,
1912 1209 1952 1284 in

252 1341 384 1429 amicis
409 1341 615 1444 edocendis
641 1354 854 1428 consumta,
881 1363 929 1415 an
955 1338 1188 1415 conscientia
1214 1340 1427 1418 obedientis
1448 1368 1534 1443 erga
1561 1339 1708 1442 judices
1731 1344 1845 1419 animi
1865 1371 1952 1421 cum

253 1493 377 1559 morte
401 1478 624 1579 conjuncta,
657 1473 898 1579 praesertim,
929 1501 1017 1551 cum
1042 1474 1083 1553 in
1109 1476 1384 1553 dubitationem
1410 1476 1537 1554 vocari
1565 1478 1703 1580 possi-t,
1740 1494 1866 1555 utrum
1892 1480 1952 1573 in·

250 1613 440 1717 justorum
472 1612 682 1703 sententiae
713 1610 1054 1714 obtemperandum
1087 1611 1155 1700 ait,
1197 1612 1341 1688 necne?
1402 1610 1515 1711 Quis'
1530 1628 1692 1690 mortem
1726 1639 1803 1690 non
1828 1615 1950 1711 timet,
2024 1614 2027 1619 ’

251 1750 490 1855 priscarum
514 1761 788 1850 postmortem
821 1747 1035 1825 futurarum
1068 1745 1392 1858 contemplatione
1425 1773 1502 1824 non
1533 1746 1708 1850 angitur?
1759 1751 1856 1827 Audi
1879 1752 1966 1828 'ct‘

252 1909 432 1963 aaronem
455 1883 527 1964 hac
553 1885 668 1965 dere
693 1866 969 1986 disputantem:
996 1880 1080 1984 quis
1107 1897 1250 1972 autem,
1284 1881 1426 1984 iuquit,
1455 1884 1503 1960 de
1529 1883 1619 1987 ipso*
1641 1883 1811 1987 sapiente
1837 1887 1951 1964 aliter
2076 1872 2081 1879 ’

250 2021 458 2110 existimat,
498 2017 567 2121 qui
599 2018 732 2125 ctiam,
774 2046 892 2123 quum
923 2017 1152 2109 decreverit,
1191 2043 1275 2095 esse
1306 2016 1561 2108 moriendum,
1603 2020 1770 2097 discessu
1804 2047 1825 2095 a
1857 2022 1947 2114 suis,

249 2170 365 2256 etque
389 2154 471 2258 ipsa
496 2153 747 2259 relinquenda
772 2155 878 2245 luce,
911 2156 1133 2232 moveatur?
1158 2198 1211 2214 -
1237 2152 1276 2229 Si
1302 2140 1490 2256 voluptati
1517 2140 1634 2256 igitur
1653 2157 1861 2237 studuisset
1880 2146 1948 2236 So-

248 2307 400 2383 crates,⁴
429 2290 558 2394 fugam
583 2315 662 2369 non
686 2306 848 2369 mortem
874 2291 947 2370 sibi
974 2291 1187 2368 electurum
1212 2289 1347 2380 luisse,
1380 2290 1475 2367 mihi
1500 2317 1721 2395 persuasum
1747 2305 1815 2369 est
1951 2346 1955 2356 ·

351 2427 443 2535 Sed,
483 2427 578 2530 quid
610 2442 686 2517 est,
726 2427 828 2531 quod
857 2426 997 2507 haecce
1029 2399 1223 2531 copiosius
1257 2441 1479 2517 tractemus,
1518 2456 1637 2532 quum
1662 2429 1710 2504 de
1731 2429 1945 2532 uoluptate,

249 2588 364 2669 quam
388 2590 435 2645 ex
466 2561 564 2640 recti
588 2562 762 2671 bonique¹
789 2562 1022 2643 conscicntia
1054 2563 1178 2671 enasci
1206 2578 1398 2667 putamus,
1439 2563 1539 2666 apud
1571 2563 1813 2658 Aristotelem
1849 2565 1945 2642 nihil
2010 2576 2016 2591 ¹

245 2699 407 2802 legatur
462 2700 606 2775 Contra
632 2685 808 2803 voluptas
834 2674 948 2781 ineo
967 2699 1201 2791 continetur,
1236 2699 1339 2802 quod
1362 2698 1546 2801 vegetiori
1569 2698 1702 2801 agendi
1723 2701 1885 2777 studio
1876 2730 1946 2777 rm·

245 2834 343 2917 boat
370 2836 527 2915 loetum.
593 2836 742 2954 Haecce
774 2833 932 2915 minime
963 2834 1003 2914 in
1031 2836 1222 2913 Socratem
1256 2835 1374 2926 cadit,
1414 2863 1500 2911 nam
1532 2833 1608 2911 vita
1640 2834 1788 2910 ademta
1820 2836 1943 2922 omnis
1983 2928 1986 2935 ¹

246 2970 382 3074 agendi
407 2969 567 3049 facultas
593 2948 725 3076 erepta
750 2971 911 3052 videtur
965 2974 1168 3050 Decedunt
1196 2956 1313 3075 igitur
1338 2972 1385 3050 ab
1405 2972 1473 3053 illa
1495 2943 1643 3049 desole
1664 2969 1849 3049 felicitate
1871 2972 1944 3050 eli-

245 3109 366 3234 gepda
390 3107 615 3211 opinione
600 3107 660 3185 illi
688 3106 779 3200 riri,
802 3109 883 3214 qui
903 3132 951 3186 co
975 3108 1177 3187 consilio
1163 3124 1307 3211 justum
1325 3124 1548 3255 rectumque
1568 3106 1762 3199 colebant,
1790 3123 1833 3185 ut
1842 3133 1944 3199 con·

243 3241 438 3339 scientiae
452 3243 703 3321 admonitioni
728 3244 998 3323 satisfacerent.
1173 3327 1176 3334 ,

172 3470 182 3486 .
313 3378 463 3481 Quod
495 3379 656 3458 tandem
679 3378 727 3453 ad
757 3378 977 3483 magnorum
1008 3378 1219 3457 facinorum
1249 3378 1415 3455 furorem
1441 3377 1620 3455 heroibus
1648 3375 1844 3482 proprium
1871 3375 1942 3478 (ιό

241 3517 361 3597 κάδοι
386 3514 628 3618 Micbeletii)
660 3513 832 3626 attinet»
854 3503 1002 3593 tantum
1034 3517 1157 3610 abest,
1201 3532 1243 3594 ut
1275 3515 1315 3591 in
1346 3513 1492 3616 agendo
1523 3514 1638 3590 finem
1664 3495 1869 3616 respiciant
1901 3527 1950 3591 et

240 3662 310 3729 cut
328 3647 514 3747 ‚simulem
540 3649 857 3756 autlelicitatcm
883 3650 957 3747 sibi
989 3654 1223 3757 proponlnt,
1264 3667 1307 3728 ut
1332 3650 1446 3742 nihil,
1486 3646 1559 3726 nisi
1593 3647 1666 3725 sihi
1699 3647 1940 3751 indulgentes

239 3783 317 3888 ipsi
343 3786 390 3889 ad
415 3787 601 3889 agendum
627 3808 742 3865 caeco
767 3762 930 3892 quodam
956 3787 1102 3893 impetu
1127 3780 1307 3876 ¹ferantur.
1372 3787 1411 3863 Si
1438 3802 1564 3864 tamen
1591 3782 1835 3860 Micheletius
1863 3808 1939 3860 non

219 3906 355 4023 'illum
382 3950 404 3998 e
429 3938 561 4022 ustura
587 3940 823 4001 emanantem
850 3950 995 4027 nosque
1021 3950 1164 4003 summa
1199 3923 1235 4000 ιί
1261 3922 1474 4010 trahentem
1499 3921 1685 4009 furorem,
1727 3920 1792 3995 aed
1818 3919 1951 3995 lacob-

230 4036 360 4150 strtcm
385 4060 500 4160 (ater
525 4059 681 4160 Nostri)
711 4059 933 4139 exercendo
955 4075 995 4138 et
1026 4060 1172 4163 agendo
1203 4073 1460 4162 comparatam
1491 4054 1609 4134 verbo
1636 4054 1708 4131 illo
1734 4055 1942 4156 significari·
1992 4146 1996 4151 ¹

230 4191 358 4282 stulte·-
355 4219 421 4273 ne
444 4194 497 4270 in
511 4194 608 4274 hanc
634 4195 735 4274 idem
757 4197 882 4287 cadat,
917 4195 1055 4299 quod
1042 4223 1085 4272 ιιι
1104 4194 1244 4287 illum,
1258 4218 1404 4274 vereor.
1458 4189 1668 4270 Occasione
1688 4188 1790 4296 enim
1810 4189 1964 4266 oblate·

228 4335 432 4452 ‚uunquam
458 4329 543 4407 de
531 4355 619 4463 apso
642 4330 813 4410 facinore
839 4332 1119 4453 ejusquefine,
1160 4358 1277 4439 quum
1304 4330 1429 4435 ipsum
1454 4326 1600 4406 lacinus
1627 4326 1683 4405 sit
1700 4324 1805 4418 linis,
1840 4325 1939 4404 deli·

236 4440 394 4541 beratur
413 4450 638 4607 capiturque
655 4465 874 4559 consilium,
905 4468 974 4546 c'cd
992 4466 1088 4546 de''
1061 4494 1127 4591 ιιι,
1161 4492 1262 4573 quae
1285 4466 1333 4545 ad
1356 4466 1406 4542 id
1397 4463 1716 4571 perpetrandum
1734 4461 1883 4599 iaciant
1896 4475 1939 4538 et
