4334 5490
835 308 1322 398 ——25--

332 552 370 647 §-
401 562 462 633 39.
518 552 585 628 His
613 553 827 655 praemissis
854 578 900 630 eo
927 554 1078 631 facilius
1105 554 1395 657 perspiciemus,
1432 572 1617 659 quatenus
1637 562 1781 636 Noster
1802 586 1821 634 a
1844 585 1929 636 vera

227 701 408 791 rectaque
436 690 573 764 summi
598 689 689 764 boni
717 689 933 766 inveniendi
962 692 1022 766 via
1043 691 1292 779 aberraverit3
1326 693 1522 792 adipsum
1550 694 1668 794 igitur
1692 697 1899 772 redeamus.

333 825 535 899 Hominem
569 851 588 898 a
624 841 755 900 natura
789 825 956 925 aliquem
989 828 1036 901 ad
1069 830 1182 902 linem
1216 841 1344 900 natum
1377 853 1475 916 esse,
1517 832 1701 931 exemplis
1734 857 1755 904 e
1787 828 1927 903 mundo

230 972 386 1034 externo
404 960 529 1035 allatis
551 960 729 1036 illustrat.
779 963 874 1036 Nam
897 962 928 1035 si
949 962 1100 1063 quidem
1121 962 1312 1037 hominem
1330 977 1477 1039 exstare
1498 980 1642 1039 certum
1663 980 1737 1055 est,
1763 963 1929 1063 aliquem

231 1093 406 1169 adfinem
421 1111 587 1183 exstare,
614 1094 698 1196 quis
714 1122 824 1171 sanae
838 1097 974 1173 mentis
989 1113 1111 1197 neget.
1159 1099 1272 1171 Latet
1285 1113 1427 1187 tamen,
1455 1097 1697 1188 sitnehomo,
1727 1115 1769 1173 ut
1789 1099 1853 1187 sit,
1881 1122 1930 1171 an

230 1228 346 1303 alium
362 1231 490 1330 nescio
504 1257 616 1331 quem
630 1232 674 1304 sd
690 1231 816 1306 finem.
871 1233 1012 1306 Natum
1029 1258 1127 1321 esse,
1157 1246 1199 1306 ut
1220 1231 1356 1305 rationi
1375 1232 1760 1334 convenienter'agat,
1789 1231 1928 1332 adjecit

230 1363 384 1452 Noster,
422 1363 612 1440 hominem
638 1366 760 1441 solum
785 1366 885 1441 enirn
907 1393 953 1442 et
976 1381 1036 1440 tot
1061 1365 1309 1439 animantium
1329 1367 1529 1466 generibus
1551 1369 1707 1443 rationis
1734 1393 1816 1442 esse
1843 1391 1930 1467 par·

142 1602 148 1608 .
230 1498 400 1600 ticipem.
425 1542 471 1556 -
502 1499 609 1574 Unde
637 1501 728 1590 scis,
763 1502 995 1602 quaerimus,
1025 1499 1096 1576 hac
1123 1500 1385 1577 enuntiatione
1410 1502 1571 1577 describi
1599 1519 1637 1578 et
1665 1502 1789 1576 afferri
1818 1500 1926 1574 illius

230 1659 416 1727 caussam,
444 1635 634 1734 quomodo
649 1637 804 1711 edoctus
819 1664 875 1725 es,
904 1636 1040 1711 rationi
1057 1636 1311 1737 principatum
1324 1660 1406 1711 esse
1419 1637 1728 1712 concedendum?
1768 1635 1817 1709 Et
1831 1633 1927 1707 ratio

190 1764 195 1771 ’
231 1783 444 1845 etnaturae
465 1769 711 1859 desiderium,
745 1773 883 1846 utravis
911 1768 1057 1847 homini
1086 1771 1213 1844 innata
1237 1784 1277 1845 et
1304 1773 1511 1846 necessaria
1536 1788 1608 1858 est,
1645 1789 1841 1872 utramque
1868 1793 1927 1844 se·
2054 1831 2056 1837 .

231 1903 418 2004 quendam
445 1919 488 1978 tu
515 1904 596 2007 ipse
621 1890 879 1981 commendas.
933 1905 1038 1980 Nihil
1066 1906 1240 1993 interest,
1277 1919 1318 1977 ut
1346 1921 1500 1980 naturae
1526 1880 1751 1982 desiderium
1780 1886 1926 1977 ratione

233 2038 466 2113 moderatum
500 2055 539 2114 et
569 2041 707 2148 linibus
742 2041 1081 2142 circumscriptum
1102 2039 1215 2128 velis,
1260 2065 1375 2140 quum
1403 2039 1564 2117 invicem
1593 2039 1927 2147 necessitas-'finita

232 2173 415 2247 rationem
449 2175 619 2265 definiat,
666 2177 783 2250 altera
818 2178 974 2253 alteram
1007 2176 1218 2252 necessario
1249 2176 1422 2252 terminis
1459 2177 1629 2251 includat
1661 2191 1700 2252 et
1733 2188 1927 2275 praeterea

231 2306 305 2385 hoc
331 2310 378 2383 de
404 2310 587 2412 appetitu
604 2310 770 2384 liniendo
797 2311 979 2412 placitum
1008 2338 1054 2386 ex
1080 2313 1164 2413 ipso
1190 2337 1336 2412 errore,
1363 2353 1415 2411 .··'
1441 2336 1517 2386 non
1538 2338 1620 2388 esse
1643 2334 1825 2395 errorem,
1852 2306 1926 2380 hoc

232 2458 313 2519 erat
337 2443 603 2532 evincendum,
637 2450 799 2546 -quo
829 2446 1014 2521 rationem
1047 2446 1366 2534 dominatricem,
1391 2447 1601 2547 appetitum
1624 2443 1776 2522 'servum
1804 2455 1925 2546 putas,

233 2594 358 2654 ortum
390 2580 450 2654 sit.
528 2579 634 2654 Nihil
668 2581 785 2682 igitur
818 2581 1030 2682 protulisti,
1075 2596 1118 2655 ut
1156 2580 1264 2654 nobis
1298 2582 1538 2680 persuadeas,
1578 2583 1677 2657 inter
1709 2575 1926 2664 sententias,

231 2739 324 2816 quas
351 2739 463 2815 supra
489 2716 796 2805 memoravimus,
839 2715 1074 2793 intercedere
1099 2714 1282 2790 rationem
1309 2716 1529 2790 caussalem.

334 2849 374 2943 §.
402 2855 464 2927 40.
519 2854 576 2924 Ita
599 2867 743 2941 censet,
777 2851 919 2953 inquis,
952 2850 1158 2926 virbonus
1185 2864 1224 2925 et
1246 2851 1343 2925 benc
1370 2850 1567 2939 educatus,
1595 2848 1665 2925 hac
1690 2865 1815 2924 tamen
1835 2872 1928 2922 con·

232 2982 400 3073 ditione,
439 2999 481 3061 ut
507 2985 562 3062 cd
588 2984 716 3084 officii
740 3002 947 3089 praecepto
975 2987 1258 3086 cognoscendo,
1294 3000 1332 3061 et
1359 2985 1413 3061 od
1439 2989 1600 3063 consilia
1626 2985 1688 3062 his
1711 2990 1927 3087 praeceptis

233 3135 485 3199 consentaneo
513 3121 701 3222 cupiendo
727 3137 765 3198 et
788 3121 1027 3222 perficienda
1060 3122 1244 3197 rationem
1277 3121 1453 3196 adhibeat
1484 3148 1601 3222 genus
1628 3121 1845 3195 humanum.
1874 3156 1926 3176 -·

233 3257 315 3328 Hoc
343 3282 430 3330 sane
458 3239 515 3329 est
541 3279 714 3355 magnum
743 3259 790 3331 ad
816 3254 930 3362 sitam
957 3258 1054 3333 bene
1081 3257 1259 3357 agendam
1286 3271 1531 3332 momentum.
1586 3256 1783 3355 Intelligo,
1820 3268 1858 3327 te
1885 3254 1926 3328 iu

234 3388 300 3464 illa
327 3390 452 3465 obiter
478 3391 695 3467 adumbrata
721 3391 904 3492 opinione
930 3392 1137 3466 consistere
1171 3413 1246 3463 uon
1273 3391 1459 3492 potuisse,
1502 3405 1719 3493 propterea,
1759 3388 1861 3490 quod
1887 3401 1927 3463 et

234 3524 356 3627 probo
382 3541 421 3599 et
447 3525 621 3628 improbo
647 3527 748 3602 inest
773 3527 870 3601 ratio
897 3542 936 3601 et
963 3523 1285 3626 uterquerationi
1312 3526 1583 3602 convenienter
1607 3525 1720 3613 vivit,
1749 3523 1925 3598 nimirum

234 3661 331 3735 alter
354 3660 475 3735 altero
501 3662 615 3736 modo
640 3678 679 3736 et
706 3664 752 3737 ad
779 3663 894 3736 alium
921 3662 1046 3736 linem.
1072 3662 1104 3758 ¹)
1157 3659 1356 3760 Improbus
1383 3659 1429 3734 ad
1456 3659 1495 3733 id
1521 3658 1717 3745 adnititur,
1747 3674 1789 3732 ut
1817 3657 1927 3736 volu-

233 3794 540 3896 ptatibus-quam
565 3796 740 3897 plurimis
767 3796 933 3885 fruatur,
964 3794 1194 3883 incuriosuS,
1223 3796 1321 3870 sitne
1347 3794 1402 3868 sas
1429 3820 1476 3870 an
1498 3793 1617 3881 nefas,
1645 3818 1715 3893 per
1741 3792 1844 3893 quod
1864 3817 1925 3868 eas

232 3945 496 4030 consequatur.
566 3929 768 4005 Nonnullis
796 3930 960 4018 omissis,
1003 3929 1280 4019 eveniettunc,
1321 3929 1422 4031 quod
1448 3930 1662 4030 Torquatus
1690 3929 1790 4030 apud
1817 3928 1928 4002 Cice-

232 4087 382 4152 ronem,
423 4063 574 4140 delectu
602 4080 641 4141 et
667 4064 814 4141 ratione
840 4065 1088 4175 capetendam
1115 4092 1197 4141 esse
1229 4064 1464 4166 voluptatem
1496 4049 1792 4164 lugiendumque
1818 4063 1951 4138 dolo·-

232 4222 343 4287 rem,
364 4196 570 4290 affirmans,
603 4214 679 4273 tam
707 4199 858 4303 egregie
884 4182 1082 4304 depinxit.
1121 4199 1286 4289 „Libero
1311 4208 1500 4302 tempore,
1541 4195 1682 4299 inquit,
1722 4223 1838 4298 quum
1865 4222 1952 4274 so·=

293 4482 318 4558 ¹)
360 4492 458 4569 Ethic.
481 4491 597 4547 Nicom.
617 4492 644 4547 1.
668 4496 698 4552 7.
728 4509 759 4564 p.
783 4494 876 4553 1098.
1518 4526 1522 4531 -
1558 4523 1561 4529 ·
1623 4535 1628 4545 .

1503 4608 1527 4680 4
