4334 5490
856 323 1008 340 --
1078 278 1132 361 w
1196 326 1355 347 -ψη

209 598 215 607 ,
255 524 490 599 consuetudo
517 521 715 623 imperitae
741 517 978 595 multitudini
1004 518 1089 623 pari
1113 514 1227 595 modo
1253 533 1400 623 patent,
1442 546 1555 623 quam
1582 520 1965 604 virobonoetho·

255 674 381 750 nesto,
419 660 485 762 qui
518 657 644 734 omnia
676 655 882 733 secundum
914 669 1057 732 rectam
1090 655 1278 731 rationem
1310 656 1525 760 perpendit.
1599 657 1806 761 Utriusque
1840 658 1969 759 igitur.

197 770 209 781 ⁸
258 795 455 897 opiniones
483 793 522 869 iu
549 793 686 870 ethicis
708 790 923 893 disciplinis
951 792 1187 894 aliquantum
1214 792 1353 868 valent.
1425 792 1547 894 Magis
1573 806 1701 869 tamen
1722 793 1968 897 bonihone·

258 931 383 1033 atique
408 929 481 1007 viri
509 929 706 1005 sententiis
734 927 998 1003 confidendum
1026 942 1100 1018 est,
1128 926 1264 1027 vulgus
1292 926 1393 1002 enim
1419 926 1605 1005 facillime
1625 929 1730 1006 falsis
1757 930 1806 1007 de
1823 930 1966 1008 dolore

256 1080 295 1142 ct
321 1066 520 1170 voluptate
546 1064 791 1168 opinionibus
818 1063 1020 1175 decipitur.
1044 1063 1079 1163 ¹)
1132 1062 1308 1151 Accedit,
1338 1063 1441 1165 quod
1466 1064 1512 1139 ad
1540 1090 1617 1155 res,
1645 1090 1742 1168 quae
1768 1065 1841 1167 sub·
1866 1091 1971 1145 ocu·

257 1202 315 1277 los
343 1225 419 1275 non
446 1201 599 1290 cadunt,
628 1199 936 1277 demonstrandas
963 1213 1001 1274 et
1029 1176 1345 1298 explicandas'iis
1374 1197 1429 1283 uti
1456 1199 1566 1290 licet,
1599 1225 1697 1303 quae
1725 1199 1809 1277 visu
1833 1204 1968 1304 peroi-

258 1339 432 1440 piuntur,
461 1338 604 1441 quippe
631 1364 749 1440 quum
776 1347 1111 1433 sensusnexternus
1138 1333 1189 1406 sit
1215 1333 1318 1428 fons,
1356 1360 1378 1410 e
1405 1360 1481 1436 quo
1500 1335 1677 1438 ,cognitio
1704 1338 1967 1447 summi}boni

258 1473 321 1548 vel
353 1474 514 1549 maxime
546 1471 691 1547 hauriri
726 1471 858 1574 possit.
886 1468 923 1570 ²)
1001 1469 1182 1572 Denique
1202 1495 1324 1547 mens
1358 1495 1528 1575 quoque,
1570 1472 1713 1576 quippe
1746 1474 1809 1551 cui
1834 1473 1966 1553 omnis

260 1609 428 1710 cognitio
455 1608 654 1697 debeatur,
689 1606 767 1681 illis
795 1605 964 1683 fontibus
991 1606 1267 1680 adnumeranda
1294 1620 1364 1682 est.
1390 1603 1426 1706 3)
1953 1694 1959 1707 .

364 1744 403 1837 §.
432 1748 493 1823 24.
548 1744 615 1818 His
637 1741 852 1845 praemissis
873 1741 919 1816 ad
946 1741 1026 1845 ipsa
1047 1741 1263 1817 Aristotelis
1287 1741 1428 1843 placita
1448 1741 1690 1819 examinanda
1713 1759 1972 1850 transeamus.

260 1879 527 1977 Qua-erendum
555 1879 672 1979 igitur
698 1893 756 1953 est
781 1877 963 1987 primum,
998 1892 1124 1955 utrum
1150 1876 1275 1954 fontes
1303 1879 1574 1979 cognoscendi,
1608 1884 1637 1955 ¹e
1664 1882 1801 1982 quibus
1833 1885 1965 1963 omnis

259 2016 306 2091 de
333 2039 479 2090 summo
506 2012 607 2103 bono
634 2013 804 2115 doctrina
830 2012 1012 2101 nascitur,
1045 2011 1092 2085 ad
1113 2012 1233 2113 ipsam
1252 2012 1555 2089 constituendam
1574 2033 1794 2118 suppetant,
1821 2019 1965 2096 deinde

261 2179 350 2226 num
383 2177 513 2228 revera
546 2177 567 2226 e
597 2149 765 2247 lontibus
800 2146 882 2252 istis
913 2146 968 2237 id,
1015 2147 1116 2250 quod
1152 2145 1339 2223 derivavit
1370 2147 1526 2238 Noster,
1562 2176 1609 2227 an
1642 2151 1712 2228 hac
1735 2154 1895 2251 ratione
1921 2171 1966 2232 ct

261 2287 339 2376 via,
379 2314 452 2389 qua
480 2268 635 2374 Noster,
676 2283 839 2359 derivari
867 2282 1010 2386 possit?
1077 2280 1142 2356 Sin
1169 2282 1311 2372 minus,
1353 2283 1466 2360 facile
1493 2287 1567 2387 erit
1598 2288 1645 2362 ad
1672 2291 1964 2383 ostendendum,

262 2421 353 2523 quid
380 2421 611 2523 peccaverit,
639 2400 984 2522 ‘quidve-omiserit
1009 2416 1274 2522 philosophus.
1331 2420 1459 2517 Quum
1487 2437 1613 2525 auteur
1639 2422 1744 2499 hisce
1771 2430 1965 2527 posteri0·

261 2557 374 2631 ribus
392 2570 576 2642 accurate,
591 2553 828 2657 dijudicatis,
859 2552 983 2629 fontes
1010 2579 1163 2657 quoque
1185 2554 1302 2655 magis
1322 2554 1579 2647 illustrentur,
1615 2585 1731 2660 quum
1752 2576 1965 2662 praeterea,

262 2676 493 2771 sintneteri
520 2690 697 2782 anfulsi,
736 2690 795 2766 his
830 2689 909 2767 sive
937 2689 1095 2789 abjectis
1130 2689 1209 2790 sive
1240 2690 1476 2793 approbatis,
1510 2692 1966 2798 facilius-perspiciatur,

260 2829 410 2915 abhis,
457 2829 628 2927 quamvis
662 2827 869 2939 secundum
902 2826 1111 2932 naturalem
1145 2824 1315 2902 ordinem
1349 2827 1599 2930 posteriorem
1633 2830 1761 2906 locum
1785 2847 1965 2927 teneant,

261 2963 391 3067 potius
418 2960 622 3038 ordiamur.
725 3053 729 3061 Ι
1117 2962 1119 2966 '

885 3308 1166 3475 ..carun
1200 3375 1297 3473 111.
1390 3452 1393 3457 ,
1448 3420 1452 3431 ·

364 3594 506 3691 §.'25.*
532 3597 716 3674 -Primunr'
737 3594 1007 3688 deliberemus,
1042 3625 1115 3699 qua
1141 3596 1288 3672 ratione
1316 3594 1451 3672 summi
1477 3593 1570 3672 boni
1587 3592 1698 3672 'notio
1725 3581 1986 3679 exsortibus

263 3732 340 3808 illis
367 3734 533 3810 derivata
560 3734 611 3808 sit
642 3759 664 3808 a
692 3732 945 3835 philosopho?
998 3734 1181 3810 Summae
1207 3732 1451 3835 disciplinae,
1486 3733 1628 3836 inquit,
1665 3742 1835 3815 summus
1857 3735 1967 3835 finis

262 3978 549 3995 Μ

320 4140 346 4220 ²)
390 4144 425 4199 c.
448 4147 472 4202 1.
493 4163 522 4200 a.
546 4144 920 4220 ro-nut.·1nr.1.0p.
950 4150 968 4207 s
991 4158 1021 4202 et
1043 4151 1075 4207 a.
1101 4173 1145 4187 -
1171 4165 1203 4218 p.
1227 4132 1320 4206 1094.
1342 4163 1369 4202 v.
1384 4123 1430 4206 'ar
1453 4157 1484 4202 n
1507 4149 1600 4209 ross.
1628 4116 1758 4205 ,sarrae
1774 4164 1803 4202 v.
1829 4150 1965 4212 1-12.

285 4260 290 4273 '
387 4257 417 4306 et
437 4247 537 4304 dextra
563 4251 729 4309 v.8··6·.
821 4290 826 4299 ·

320 4360 348 4434 ¹)
392 4365 427 4420 C.
450 4366 473 4420 l.
496 4385 525 4438 p.
551 4365 642 4424 1104.
665 4383 691 4419 v.
717 4367 767 4424 13.
788 4392 831 4409 -
853 4367 940 4438 Phys.
963 4383 1043 4422 ausc.
1064 4367 1146 4422 tm.
1171 4369 1200 4424 6.
1223 4383 1254 4437 p·
1277 4368 1350 4425 259.
1372 4381 1401 4420 v·
1426 4370 1476 4425 10.
1498 4376 1529 4422 et
1549 4367 1616 4427 vn.
1638 4383 1667 4438 p·
1686 4367 1759 4425 260.
1780 4381 1809 4419 t.
1827 4368 1881 4424 22.
1980 4414 1985 4422 .

319 4470 344 4548 ³)
389 4482 807 4545 e.1.v1.2.etm.r.1.
