4334 5490
751 249 1239 334 ...Μ-...-

144 492 222 575 lem
249 482 455 596 intelligas.
511 490 596 569 Pari
610 490 738 591 prodo
764 485 1002 568 conclusioni
1029 489 1243 576 cedendum
1263 505 1341 580 est,
1376 518 1472 594 quae
1498 492 1626 584 docet,
1661 518 1846 575 summum

143 632 300 719 bouum,
322 596 528 709 virtutibus
560 625 638 703 suis
672 625 878 715 contineri,
918 614 1332 737 nimirum'rirtutilrua
1367 626 1444 702 suis
1477 629 1744 722 naturalibus,
1789 646 1848 710 est

143 768 249 845 enim
280 792 341 844 res
375 781 415 843 et
447 763 602 867 quaevis
634 788 693 838 res
727 761 805 836 suis
838 760 1042 841 virtutibus
1073 763 1301 838 continetur.
1353 737 1455 870 'Sed'
1476 764 1574 839 ultra
1601 741 1698 840 nihil
1724 766 1845 877 datur,

147 883 302 1007 minime
328 880 468 1004 liquet,
503 900 629 974 sintne
655 897 747 972 illae
773 888 1212 1003 su'mm'rboni‘virtqtes
1241 897 1505 973 naturales-
1531 892 1645 974 simul
1669 903 1843 994 morales,
1958 910 1965 921 ’

101 1018 113 1089 s
148 1039 369 1145 eoOminus,
410 1062 527 1137 quum
559 1061 606 1110 ex
637 1033 706 1109 illa
740 1032 925 1108 sententia
959 1060 1008 1109 ne
1040 1033 1115 1107 hoc
1151 1020 1303 1135 q'uidem
1336 1030 1501 1135 intelligi
1535 1050 1677 1136 potest,
1712 1038 1842 1139 quales
1919 1034 1950 1139 'y

81 1165 96 1221 ’-
149 1172 224 1249 sint
251 1173 440 1246 naturales
468 1197 496 1248 s.
525 1169 562 1244 b.
591 1168 763 1244 virtutes.
818 1168 940 1243 Simili
969 1167 1119 1243 ratione
1140 1168 1393 1270 argumentari
1421 1169 1529 1245 nobis
1558 1170 1711 1262 liceret,
1745 1174 1871 1278 lapi·¹

145 1307 233 1385 deur
256 1307 367 1382 illum
395 1304 622 1408 sapientium
648 1302 862 1378 fabulosum
889 1303 1109 1394 virtutibus,
1152 1319 1195 1379 ut
1219 1302 1435 1406 prudentia,
1474 1308 1741 1407 temperantia,
1780 1311 1843 1412 ju·

114 1400 250 1519 'stitia
276 1458 317 1519 et
342 1424 499 1543 reliquis
527 1454 712 1514 constare.
767 1419 880 1540 Lapis
907 1440 1007 1516 euim
1032 1439 1259 1542 sapientium
1279 1437 1471 1541 perlectus
1491 1441 1580 1530 erit,
1615 1442 1843 1549 simulatque

46 1572 54 1591 ’
112 1570 471 1677 ·ἐυιη’πίηυῑίὺυε
504 1577 582 1651 suis
622 1574 892 1656 convenienter
924 1564 1140 1679 perfeceris.
1213 1574 1431 1651 Virtutibus
1465 1574 1581 1676 igitur
1612 1579 1840 1674 continetur,

35 1794 42 1805 ,
145 1712 328 1817 sapientis
353 1727 497 1801 tamen,
521 1682 637 1786 ⁸sicut
663 1737 848 1786 summum
874 1704 1016 1785 bonum
1041 1704 1223 1799 hominis,
1257 1734 1347 1810 ergo
1373 1709 1647 1802 moderatione,
1686 1714 1841 1793 sortitu·

143 1847 237 1922 dine
262 1861 301 1924 et
325 1847 491 1950 reliquis.
544 1846 739 1949 Sequitur,
765 1846 860 1921 licet
884 1871 1105 1947 pergamus,
1130 1861 1173 1919 ut
1197 1844 1296 1947 lapis
1323 1844 1550 1946 sapientium
1578 1845 1627 1921 sit
1653 1874 1839 1929 summum

59 2077 62 2080 .
144 1956 301 2058 honum.
327 2024 380 2039 -
410 1984 489 2057 Hac
522 1982 562 2057 in
595 1981 851 2082 disputatione
886 2008 933 2057 ne
965 1978 1260 2070 obliviscamini,
1297 2005 1405 2080 rogo,
1445 2004 1630 2056 summum
1664 1983 1744 2061 sive
1769 1985 1840 2064 ho·

141 2115 257 2192 minis
282 2117 422 2193 honum
451 2119 617 2194 nondum
638 2144 719 2194 esse
745 2117 955 2218 cognitum,
992 2117 1058 2191 sed
1085 2115 1226 2218 quaeri.
1294 2117 1405 2191 Latet
1430 2113 1570 2205 adhuc,
1604 2119 1734 2219 quales
1762 2124 1838 2200 sint
1863 2088 1900 2236 ,ο

140 2251 227 2352 ejus
254 2253 436 2343 ¹virtutes,
476 2254 664 2329 naturales
697 2253 795 2330 dico,
862 2252 1024 2326 Easdem
1049 2261 1150 2340 esse,
1191 2251 1322 2352 quales
1345 2250 1511 2326 hominis
1536 2254 1715 2345 morales,
1748 2282 1840 2360 pro·

140 2388 307 2464 handum
340 2404 431 2464 erat.
500 2354 796 2500 Nosteq'tamen
828 2386 920 2489 quid
952 2385 1066 2460 lecit?
1119 2384 1175 2460 Ab
1209 2386 1321 2459 initio
1356 2387 1403 2462 de
1431 2385 1572 2462 virtute
1603 2391 1763 2466 naturali
1797 2408 1836 2470 et

141 2521 278 2598 deinde
311 2524 360 2599 de
393 2524 527 2599 morali
559 2525 694 2600 codem
728 2522 768 2597 in
803 2521 1023 2623 syllogismo
1055 2535 1199 2622 temere
1229 2520 1379 2595 locutus
1406 2535 1474 2596 est.
1545 2523 1645 2599 Ecce
1672 2525 1836 2605 similem

142 2682 307 2734 errorem
336 2659 521 2759 superiori
547 2660 689 2736 bonum
717 2657 941 2732 absolutum
958 2672 999 2731 et
1024 2655 1224 2758 physicum
1251 2655 1436 2730 miscenti.
1498 2657 1703 2760 Utramque
1729 2663 1835 2740 verbi

140 2790 292 2868 virtutis
320 2792 396 2867 vim
423 2794 683 2895 imprudenter
710 2792 919 2872 confundit.
951 2792 986 2889 ¹)

244 2933 283 3028 ς.
311 2933 372 3006 44.
427 2929 617 3017 Enetum,
651 2927 698 3003 dc
724 2954 800 3029 quo
828 2929 940 3003 modo
966 2925 1146 3014 diximus,
1173 2951 1220 3001 ex
1246 2950 1293 3003 eo
1316 2925 1409 3001 mihi
1435 2925 1649 3047 profectum
1669 2955 1752 3008 esse
1778 2932 1837 3010 vi·
1891 2916 1900 2942 ⁷

141 3060 268 3151 detur,
308 3063 411 3163 quod
445 3090 587 3153 rerum,
629 3089 726 3165 quae
754 3064 827 3139 sub
855 3088 984 3140 sensus
1012 3061 1168 3149 cadunt,
1211 3077 1341 3137 natura
1369 3063 1506 3153 utitur,
1546 3064 1592 3137 nd
1624 3089 1701 3155 res,
1736 3079 1834 3171 quae

142 3196 221 3273 sola
253 3184 377 3273 me'ntc
405 3178 686 3300 percipiuntur,
727 3199 1033 3300 comprobandas.
1104 3196 1329 3292 Quaeritur,
1371 3213 1415 3272 ut
1444 3196 1518 3272 hoc
1553 3227 1668 3273 unum
1699 3200 1831 3277 addam

138 3332 355 3433 exemplum
382 3332 426 3406 ad
455 3359 533 3407 rem
560 3333 838 3422 illustrandam,
872 3331 918 3407 ab
945 3356 1008 3419 eo,
1043 3330 1212 3432 possitne
1238 3329 1445 3431 comparari
1473 3357 1659 3408 summum
1678 3335 1831 3428 bonum,

138 3493 187 3542 an
213 3468 382 3542 Deorum
415 3467 533 3568 gratia
565 3469 746 3555 donetur,
785 3494 833 3542 an
863 3492 953 3542 casu
982 3465 1178 3566 contingat
1211 3465 1453 3541 hominibus?
1511 3467 1562 3541 Ut
1587 3468 1709 3545 solvat
1733 3470 1831 3549 hano

136 3601 446 3703 disputationem,
474 3603 526 3678 ita
553 3603 716 3681 disserit.
770 3604 809 3679 Si
830 3602 966 3679 melius
990 3616 1030 3679 et
1051 3599 1249 3704 pulchrius
1274 3615 1332 3677 est
1349 3598 1515 3704 propriis
1537 3601 1693 3693 viribus,
1719 3594 1839 3708 quam¹

129 3776 425 3798 m

196 3830 224 3908 ι)
267 3808 399 3894 Tarllum
420 3842 516 3908 abest,
547 3844 582 3894 ut
602 3841 676 3898 illae
696 3844 820 3897 viantes
842 3844 993 3898 naturales
1015 3858 1130 3914 semper
1151 3851 1181 3896 et
1202 3840 1313 3913 ubique
1334 3841 1426 3895 etiam
1446 3850 1590 3911 tauqm
1618 3845 1744 3900 morales
1770 3847 1828 3903 ext·
1931 3832 1934 3837 ¹

265 3950 360 4009 stant,
389 3951 423 3994 ut
443 3943 611 4013 saepissime
638 3944 675 3996 ab
696 3944 734 3998 iis
756 3944 867 3997 mirum
893 3943 926 3997 in
949 3944 1070 3997 modum
1098 3943 1284 3995 abhorreant.
1328 3925 1422 3995 Verbi
1437 3958 1555 4008 caussa,
1583 3944 1660 3998 latro
1682 3947 1830 4016 perlectus

198 4072 204 4081 -
264 4050 324 4111 est,
358 4041 384 4094 si
411 4057 513 4096 omnes
540 4045 664 4098 latronis
684 4044 808 4099 virtutes
830 4043 976 4116 singulari
999 4044 1084 4098 modo
1105 4042 1324 4114 complectitur.
1367 4043 1448 4095 Num
1470 4043 1594 4097 latronis
1614 4044 1752 4113 vinum,
1780 4038 1829 4102 aas

264 4139 333 4201 dico¹
353 4142 562 4211 proprietates,
589 4145 697 4215 quibus
718 4146 754 4199 fit
775 4147 851 4200 latro
873 4146 1016 4213 eximius,
1049 4145 1138 4199 laude
1160 4144 1267 4216 dignae
1290 4143 1379 4196 sunt?
1406 4141 1477 4214 (aas
1498 4139 1583 4211 ἑξέων
1602 4140 1634 4198 dl
1653 4141 1703 4199 sits
1723 4142 1830 4204 lausta-

264 4237 328 4309 τὰς,
357 4236 458 4309 dearsit
478 4239 620 4313 λέγομεν).
670 4248 759 4300 Sume
781 4249 995 4317 exploratorem
1023 4244 1056 4296 in
1083 4244 1179 4321 bello,
1214 4240 1367 4299 hominem
1394 4245 1566 4314 ceteroquin
1595 4261 1656 4298 nou
1677 4247 1830 4317 inutilem,

264 4341 327 4393 suis
346 4343 506 4397 virtutibus
528 4354 701 4399 exornatum
722 4363 784 4400 esse
805 4356 933 4417 oportet,
967 4354 1002 4398 ut
1029 4344 1068 4397 sit
1094 4316 1258 4414 pellectus,
1291 4353 1392 4398 tamen
1418 4344 1578 4401 honoribus
1607 4363 1667 4401 uon
1694 4357 1830 4423 augetur,

265 4439 318 4493 sed
338 4429 440 4514 captus
462 4444 596 4515 patibulo
618 4446 839 4517 qualicunque,
866 4462 927 4498 nou
948 4454 1051 4516 captus
1073 4462 1143 4498 naso
1164 4444 1365 4516 suspenditur.

2062 1302 2078 1415 r.
