4334 5490
836 361 1327 450 ..-..1·5.-....

229 602 378 681 arbitrii
406 599 602 709 proprium
627 630 784 695 munus,
818 606 919 709 quud
948 608 1053 685 nulla
1080 614 1138 698 re,
1173 608 1244 684 nisi
1272 615 1313 683 s'e
1340 607 1459 710 ipso,'
1478 612 1524 687 ad
1550 615 1735 714 agendum
1761 615 1932 718 impelli·

230 753 305 817 tur.
363 740 475 839 Quod
503 741 691 844 ainegea,
726 741 1001 819 omniaofficii
1026 759 1227 846 praecepta
1253 743 1324 819 tibi
1352 763 1596 837 evanescent,
1626 775 1695 824 nec
1721 776 1817 853 opus
1844 753 1929 841 erit,

229 876 281 952 de
306 901 450 953 summo
475 877 579 953 bono
603 877 748 954 diutius
774 877 985 981 anquirere.
1057 879 1152 953 Nam
1180 879 1218 953 id
1246 879 1369 981 ipsum
1396 907 1416 954 a
1444 898 1576 957 natura
1604 883 1711 960 nobis
1738 886 1845 986 quasi
1872 885 1932 959 in·

176 1028 178 1033 ’
229 1012 465 1106 truderetur,
500 1005 612 1116 quod
629 1022 759 1119 autem
777 1011 892 1090 bomo
920 1013 1028 1117 quati
1056 1022 1185 1094 sertus
1212 1015 1374 1118 patitur,
1415 1019 1607 1093 actionum
1633 1018 1719 1096 finis
1747 1044 1932 1098 essenon

231 1157 371 1249 potest.
1082 1158 1085 1164 '

726 1595 729 1601 q
839 1563 844 1570 ,
896 1419 1142 1558 carun
1186 1425 1268 1558 1'v.

218 1742 222 1748 ·
333 1684 372 1779 §.
402 1695 474 1766 30.
517 1685 731 1788 Supremur'
753 1685 855 1787 fim’r
880 1693 914 1766 is
939 1704 1015 1780 ert,
1056 1648 1295 1794 qui'semper
1323 1707 1485 1817 propter
1516 1717 1575 1782 se,
1615 1718 1809 1798 nunquam
1838 1717 1930 1797 pro·

121 1910 127 1927 ι
211 1829 219 1866 ⁵
229 1834 320 1922 pter
346 1823 458 1901 uliud
482 1831 714 1926 expetitur.¹
751 1828 889 1903 Talem
915 1852 994 1902 esse
1019 1825 1293 1904 beatitudinem
1321 1830 1446 1907 censet
1471 1829 1625 1907 Noster.

336 1958 508 2037 Primum
528 1986 603 2037 non
628 1960 915 2037 eoncedendum
942 1976 1019 2050 est,
1060 1961 1284 2037 felicitatem
1318 1988 1468 2064 semper
1496 1978 1654 2066 propter
1686 1988 1726 2039 se
1758 1979 1800 2038 et
1833 1990 1929 2039 nun·

231 2116 344 2194 quam
370 2109 527 2196 propter
545 2096 649 2171 aliud
671 2097 812 2199 expeti.
868 2096 1009 2174 Omnes
1032 2096 1133 2173 enim
1154 2096 1225 2171 hac
1249 2095 1297 2171 de
1318 2123 1448 2172 caussa
1466 2096 1641 2172 felicitati
1663 2099 1815 2174 studere
1833 2099 1928 2172 mibi

159 2321 163 2330 ι
231 2227 425 2319 videntur,
461 2232 564 2332 quod
589 2232 696 2336 vitae
716 2233 907 2334 degendae
934 2232 1102 2331 inservit.
1133 2238 1137 2248 ’
1159 2234 1289 2329 Quum
1315 2233 1416 2309 enim
1443 2232 1537 2320 vita,
1560 2249 1821 2328 -terrenam
1843 2235 1929 2310 dico

228 2365 354 2439 —·ab
380 2366 572 2455 omnibus,
613 2367 679 2469 qui
705 2394 852 2445 morum
880 2371 1101 2470 gravitatem
1127 2384 1168 2446 et
1193 2368 1415 2469 dignitatem
1444 2374 1578 2471 parum
1606 2365 1829 2470 respiciunt,
1869 2396 1928 2445 res

233 2501 369 2575 summi
403 2501 518 2604 pretii
552 2502 808 2593 existimetur,
847 2504 1005 2595 accidit,
1043 2520 1103 2596 ut,
1143 2510 1391 2606 quaecunque
1431 2529 1490 2580 res
1524 2505 1569 2577 ad
1603 2504 1718 2579 vitam
1753 2507 1929 2608 expedite

126 2649 134 2661 ’
232 2635 414 2739 lauteque
440 2638 621 2738 agendam
643 2639 789 2741 aliquid
814 2639 967 2731 afferat,
992 2641 1170 2716 landetur
1196 2656 1236 2716 et
1261 2654 1471 2741 expetatur.
1524 2636 1703 2713 Felicitas
1730 2655 1856 2717 antem
1884 2642 1930 2716 ad

230 2772 346 2848 vitam
373 2753 637 2873 jucundiorem
668 2788 707 2850 et
735 2776 964 2876 vegetiorem
998 2777 1225 2853 reddendam
1260 2774 1467 2878 plurimum
1499 2773 1619 2860 valet,
1661 2772 1752 2873 quid
1779 2775 1928 2865 mirum,

227 2908 336 3010 (prod¹
359 2909 534 3013 plurimis
560 2909 777 2987 hominibus
794 2921 864 2989 'res
890 2908 1042 2987 maximi
1064 2912 1178 3015 pretii
1199 2911 1374 2988 videtur?
1428 2907 1526 3006 Quis
1552 2922 1680 2983 tamen
1708 2933 1785 2984 non
1813 2910 1928 2999 videt,

230 3042 471 3136 felicitatem,
512 3045 544 3121 si
566 3045 635 3121 'sie
666 3070 716 3121 se·
736 3071 796 3122 rea
828 3047 981 3138 habeat,
1024 3073 1100 3124 non
1126 3063 1284 3152 propter
1310 3073 1350 3123 se
1378 3045 1552 3121 laudibus
1579 3043 1706 3120 efferri
1739 3059 1779 3119 et
1805 3047 1931 3148 magni

232 3182 435 3271 aestimari,
459 3182 709 3283 sed'propter
730 3182 872 3258 vitam?
925 3183 996 3261 Est
1021 3169 1139 3287 igitur
1163 3168 1358 3259 beatitudo
1385 3208 1454 3282 per
1479 3207 1519 3263 se
1545 3205 1605 3256 rea
1633 3178 1776 3254 nullius
1803 3181 1928 3282 pretii,

232 3316 480 3395 sed-eatenus
500 3331 654 3393 'tantum
682 3319 937 3409 aestimatur,
963 3328 1148 3421 quatenus
1175 3319 1221 3392 ad
1246 3318 1362 3392 uitam
1388 3316 1564 3392 refertur.
1611 3378 1614 3383 .

313 3456 478 3541 ,Verum
502 3453 696 3528 enimvero
719 3451 884 3528 affirmat
910 3456 1065 3543 Noster,
1105 3453 1144 3527 in
1177 3453 1262 3553 ipso
1295 3424 1478 3556 vegetiori
1511 3451 1611 3528 vitae
1641 3476 1780 3551 genere
1805 3451 1931 3526 couti·

231 3585 324 3663 neri.
340 3585 577 3673 felicitatem.
638 3589 774 3666 Nonne
798 3589 915 3690 igitur
941 3591 1104 3691 pessime
1129 3585 1524 3690 felicitas„quam.in
1550 3585 1765 3661 universnm
1794 3586 1847 3662 ita
1872 3587 1929 3662 di·

146 3748 155 3764 ·
221 3721 372 3812 cimus,
402 3748 422 3798 a
448 3724 548 3801 vitae
574 3722 761 3801 felicitate
786 3723 1056 3826 distinguitur?
1121 3723 1259 3800 Nonne
1283 3723 1440 3826 cuique,
1473 3721 1575 3797 baud
1599 3721 1786 3823 litigioso,
1820 3721 1930 3825 beata

176 3936 179 3943 ,
231 3858 314 3935 nita·
342 3859 625 3942 etbeatitudo'
645 3887 764 3936 unum
787 3861 972 3963 'idemque
1003 3886 1085 3937 esse
1117 3858 1291 3936 videtur?
1324 3869 1375 3916 -'
1393 3929 1396 3936 ,
1415 3858 1695 3935 Lubentissime
1727 3857 1928 3948 adsentior,

234 3994 299 4071 aed
327 3994 565 4109 interritam
594 3995 741 4070 beatam
767 3996 963 4090 etritam,
997 4021 1110 4098 quam
1135 3994 1188 4070 ita
1215 3992 1392 4082 dicimus,
1426 3991 1640 4095 plurimum·
1661 3992 1837 4083 interest,
1872 3995 1931 4067 ni-

230 4128 371 4204 mirum
395 4129 605 4208 beatitudo.
675 4130 821 4232 Capitis
848 4131 1042 4207 damnatus
1076 4130 1192 4207 vitam
1219 4129 1342 4206 solam
1367 4125 1439 4203 sibi
1467 4143 1634 4232 exoptat.
1702 4128 1790 4202 Vita
1818 4127 1948 4231 rados

231 4279 320 4341 nata
339 4264 575 4342 'felicitatem
606 4267 757 4343 demum
785 4280 968 4356 sectatur,
1008 4280 1060 4341 nt·
1084 4254 1392 4367 bene'lauteqne
1418 4258 1561 4374 vivat..
1594 4244 1701 4341 'vita
1728 4249 1931 4365 igiturest
1976 4341 1982 4349 ,

230 4399 397 4503 primum
429 4401 588 4490 bonum,
631 4380 801 4479 felicitas
828 4374 955 4506 autem
979 4416 1079 4503 ‚tunc
1111 4403 1262 4502 demum
1297 4400 1440 4477 bonum
1472 4399 1651 4505 quiddam
1683 4398 1932 4505 eristimatur,

233 4559 353 4636 quum
379 4537 426 4612 ad
452 4536 569 4613 vitam
595 4537 769 4616 refertur.
1154 4538 1157 4545 “
1311 4527 1321 4555 “’
1429 4523 1432 4529 ’
1492 4559 1494 4563 ’
1716 4527 1721 4535 ’
