4334 5490
750 322 1317 426 ——533—-1

135 563 363 640 enucleavit.
418 563 678 643 Necessarium
706 564 816 641 enim
833 563 978 641 fontem
1005 563 1125 640 oflicii
1149 572 1459 668 praeceptorum,
1486 567 1671 644 rationem
1698 568 1838 670 practi-

114 721 216 803 ‘sam
243 726 320 776 non
347 700 437 779 satis
464 701 704 791 monstrarit,
744 702 951 777 illustravit
978 706 1023 778 'e't
1049 702 1095 778 ab
1122 703 1244 794 omui,
1270 719 1403 792 utrum
1439 707 1561 781 exstet
1591 731 1727 795 necne,
1767 706 1838 783 ‹lu-2

133 835 320 912 bitatione
351 837 539 913 liberavit
609 836 790 940 Denique
816 863 876 914 res
898 837 1102 917 sensibiles
1132 852 1176 913 et
1201 837 1481 915 intellectuales
1507 855 1651 916 temere
1677 841 1839 917 conlun-¹

135 975 228 1052 dens
261 973 307 1050 ad
342 972 433 1050 boni
468 989 637 1051 naturam
668 980 719 1053 et
758 975 959 1052 essentiam
1000 975 1251 1054 definiendam
1285 982 1438 1079 prorsus
1472 960 1610 1053 falsa
1599 1005 1639 1054 ιιι
1672 977 1838 1097 medium

136 1108 307 1213 protulit.

693 1314 1273 1328 ›emm—...w

780 1465 1026 1556 curor
1086 1465 1219 1590 vn„

239 1685 277 1779 ὃ.
309 1690 368 1763 47.
399 1683 624 1787 'Reliquum
651 1698 727 1774 est,
772 1701 814 1763 ut
840 1688 888 1762 de
913 1683 1083 1762 lontibus
1110 1701 1175 1761 aut
1200 1684 1401 1789 principiis
1428 1682 1680 1785 cognoscendi
1706 1681 1837 1785 dispu-

136 1835 271 1896 temus.
327 1820 598 1910 Gravissimae,
633 1821 735 1923 quod
761 1822 806 1896 ad
833 1822 957 1898 fontes
984 1822 1138 1910 attinet,
1173 1821 1484 1925 reprehensiones
1510 1847 1557 1896 ex
1583 1820 1682 1922 ipsa,
1723 1796 1834 1922 quam

137 1942 383 2045 absolvimus,
409 1947 673 2061 disputatione
690 1948 918 2059 procedunt,
952 1954 1068 2059 qnare
1094 1925 1279 2059 suppetit,
1307 1981 1372 2032 eos
1399 1956 1525 2032 obiter
1548 1971 1704 2058 tangere
1730 1968 1769 2031 et
1796 1953 1836 2031 in

137 2114 254 2162 unum
282 2087 620 2191 comprehendere,
658 2105 699 2167 ut
724 2074 875 2165 facilius
903 2105 942 2165 et
968 2091 1180 2167 accuratius
1207 2091 1306 2167 de''
1281 2117 1328 2166 ns
1362 2090 1531 2191 judicare
1553 2091 1683 2168 liceat·

135 2372 175 2434 et
201 2281 314 2435 moilo
340 2358 432 2434 huic
458 2361 571 2434 modo
597 2358 679 2450 alii,
720 2360 834 2435 modo
858 2358 992 2435 virtuti
1021 2361 1134 2434 modo
1161 2360 1349 2461 voluptati
1376 2358 1540 2462 palmam
1570 2357 1725 2466 offerre,
1769 2383 1836 2434 ne·

34 2542 41 2551 -
128 2517 238 2573 tasse
265 2509 333 2570 est.
388 2493 575 2571 Pessimus
602 2475 912 2596 igitur'omnium
939 2516 1144 2568 consensus
1172 2508 1229 2568 est
1256 2492 1463 2595 sapientiae
1490 2493 1575 2567 lons
1602 2506 1641 2567 et
1664 2475 1730 2593 qui
1751 2485 1836 2568 vulss
1958 2488 1960 2490 ’
2085 2518 2089 2525 ·

83 2648 93 2657 ·
134 2653 202 2731 gos
229 2612 418 2735 sequitur,
447 2655 494 2705 ne
521 2629 553 2704 is
581 2628 690 2705 valde
716 2625 967 2732 discrepantis
994 2642 1033 2703 et
1060 2627 1132 2702 sibi
1159 2627 1408 2730 repugnantia
1429 2642 1597 2714 censeat,
1624 2627 1835 2703 timendum

134 2779 203 2840 est.
259 2762 332 2840 Cui
360 2778 486 2839 tamen
513 2763 711 2839 consensui
746 2763 830 2866 ipse
854 2765 1008 2890 Noster,
1051 2775 1094 2837 ut
1120 2762 1317 2854 videtur,
1325 2787 1457 2866 parum
1492 2762 1701 2849 confidens,
1741 2761 1833 2838 boni

134 2899 310 3002 beneque
330 2899 536 2975 educati
503 2899 573 2976 siri
602 2900 825 2976 senteutiam
852 2884 978 3003 primo
1004 2901 1091 2975 loco
1117 2899 1248 2975 baberi
1275 2897 1394 3001 jubet
1450 2900 1530 2975 Nec
1553 2898 1741 2988 male,-
1767 2877 1834 2976 sed

133 3061 339 3138 perquem
367 3036 524 3112 edoctus
551 3051 617 3110 aut
643 3060 716 3137 qua
742 3035 890 3111 ratione
924 3050 964 3112 et
995 3036 1054 3111 ria
1089 3035 1147 3113 vir
1172 3033 1343 3111 bonus'
1333 3061 1417 3138 ipse
1442 3034 1564 3110 bonus
1591 3034 1673 3109 lieri
1700 3036 1832 3145 possit,

132 3175 389 3249 demonstrare
414 3171 555 3282 omisit.
618 3172 676 3248 Ex
700 3186 785 3249 toto
811 3173 937 3276 operis
961 3153 1142 3249 contextu
1162 3174 1354 3275 conjicere
1376 3173 1485 3249 nobis
1506 3173 1615 3261 licet,
1644 3172 1832 3247 aratione

132 3308 280 3384 institui
307 3308 404 3384 bene
429 3322 634 3398 moratum,
676 3323 841 3385 mentem
872 3308 972 3383 enim
1000 3307 1150 3385 induxit
1175 3309 1314 3405 Noster
1338 3321 1516 3410 tanquam
1549 3284 1673 3382 'omnis
1700 3306 1833 3412 cogai·
1940 3289 1942 3293 ⁷

130 3446 249 3527 tionis
273 3460 313 3523 et
340 3444 499 3521 actionis
527 3458 700 3534 matrem,
729 3445 865 3544 ¹)sed
890 3446 1082 3548 quomodo
1114 3445 1196 3521 fieri
1223 3424 1361 3548 possit,
1401 3458 1445 3520 ut
1470 3470 1575 3520 mens
1604 3468 1679 3519 non
1705 3442 1830 3537 minus

132 3609 194 3671 ea,
236 3609 332 3684 quae
358 3582 502 3659 homini
531 3581 750 3686 praestanda
778 3597 880 3672 sunt,
921 3608 1032 3685 quam
1066 3608 1126 3672 ea,
1164 3607 1261 3683 quae
1286 3579 1507 3656 exstantia
1533 3605 1659 3656 rerum
1686 3594 1829 3670 natura,

129 3701 317 3822 percipiat
343 3732 383 3793 et
408 3718 559 3807 doceat,
602 3743 784 3821 nusquam
810 3714 989 3795 ostendit.
1043 3719 1178 3819 Negsri
1207 3733 1333 3793 tamen
1361 3730 1435 3791 non
1462 3729 1606 3818 potest,
1634 3716 1742 3818 quin,
1771 3744 1831 3792 raa.

128 3832 274 3931 tionem
307 3853 480 3942 laudans,
520 3880 652 3929 verum
686 3852 893 3986 sapientiae
927 3852 1070 3954 iontem
1104 3852 1344 3939 indicaverit,
1386 3851 1456 3958 etsi
1491 3852 1609 3928 altera
1642 3877 1690 3928 ex
1721 3867 1828 3955 parte

130 3968 302 4070 sensibus
331 3990 420 4066 satis
441 3990 602 4065 multum
623 3974 817 4080 tribuit,
806 4015 923 4066 ammo
946 4006 1092 4080 censet,
1120 3989 1179 4065 bis
1200 3991 1317 4092 magis
1341 3955 1568 4065 credendum
1589 4014 1688 4078 esse,
1715 4016 1827 4105 quarn

129 4127 287 4216 rationi,
313 4124 460 4226 ²)quo
483 4124 622 4202 lactum
651 4139 727 4217 est,
765 4141 808 4204 ut
833 4127 1051 4232 saepissime
1081 4125 1310 4239 argumentis
1337 4151 1384 4201 ex
1410 4122 1720 4228 phaenomeniss
1731 4145 1830 4228 quae

126 4305 429 4321 Μ--Ο

199 4396 226 4469 ¹)
270 4402 304 4458 c.
329 4405 350 4458 1.
374 4403 424 4458 ιι.
451 4406 499 4464 ιι.
522 4421 551 4474 ρ.
577 4402 669 4463 ιιιι.
712 4369 720 4373 ”
851 4438 855 4445 ·

200 4515 226 4587 ⁸)
269 4519 315 4574 Da
337 4528 437 4594 panor.
462 4537 510 4574 an.
533 4520 589 4573 111.
616 4524 664 4576 ¹0.
