4334 5490
818 373 982 416 .--
1043 325 1103 409 22
1167 342 1320 385 ‘---

224 554 291 643 tio.
346 575 527 671 Apparet,
563 594 644 645 esse
666 583 731 645 aut
751 566 842 643 boni
870 565 1010 652 ideam,
1038 591 1085 640 ex
1112 588 1188 665 quo
1215 590 1236 637 a
1261 565 1349 639 Deo
1376 562 1540 637 maximo
1567 561 1756 665 procreati
1787 587 1934 653 sumus,

225 704 334 780 nobis
361 705 512 783 insitam
539 719 578 783 ct
604 703 741 779 mentis
768 729 808 778 se
835 701 955 803 ipsam
983 701 1166 777 intuentis
1199 699 1237 777 ri
1264 715 1482 802 perceptam
1516 714 1556 776 et
1588 699 1849 801 explanatam,
1891 678 1942 775 ut*

225 840 370 914 Platoni
408 840 573 928 videtur,
610 855 676 915 aut
707 840 808 915 illud
841 838 1000 926 bonnm,
1048 837 1151 937 quod
1184 836 1421 912 conscientia
1455 834 1536 910 sire
1567 835 1716 910 ratione
1748 835 1935 936 practica,

226 1001 338 1078 quarn
360 976 504 1064 dicuat,
533 976 777 1077 cognoscitur
795 989 834 1051 et
854 974 961 1051 uobis
982 972 1171 1049 suadetur.
1195 974 1228 1073 ¹)
1256 975 1355 1072 (Das
1379 968 1584 1048 moraliscb
1604 971 1744 1071 Gnte'.)
1782 971 1938 1048 Huicce

224 1110 335 1188 alteri
361 1112 577 1189 Aristotelis
604 1112 747 1188 bonum
774 1108 936 1185 maxime
963 1109 1209 1211 respondere,
1237 1134 1360 1185 nemo·
1377 1106 1547 1210 negabit,
1581 1106 1648 1208 qui
1675 1104 1758 1208 ejus
1786 1108 1938 1210 piacita

226 1249 323 1325 bene
342 1263 529 1351 percepta
556 1247 681 1327 habet.
749 1247 907 1348 Ubique.
926 1261 1120 1349 praeterea
1147 1245 1289 1321 bonum
1316 1272 1384 1348 per
1411 1270 1452 1320 se
1468 1243 1607 1342 (erm
1625 1245 1774 1343 ἁπλῶς)
1800 1257 1843 1318 et
1863 1243 1938 1318 bo·

226 1410 316 1459 num
350 1400 507 1486 propter
540 1385 644 1463 aliud
676 1383 808 1482 (τέλος
834 1382 927 1468 πρός
952 1381 1012 1479 τι)
1047 1396 1220 1457 accurate
1252 1356 1471 1481 distinguit,
1510 1393 1550 1456 et
1582 1378 1680 1454 illud
1711 1379 1808 1454 benc
1836 1378 1937 1454 actis

225 1520 572 1596 continerimoner
598 1521 641 1618 (ἠ
669 1525 744 1608 γάρ
772 1519 958 1602 εὐπραξία
985 1517 1121 1615 τέλος).
1152 1514 1186 1615 ¹)
1253 1517 1336 1591 Hoc
1362 1531 1488 1589 tamen
1514 1514 1691 1604 interest,
1726 1513 1830 1615 quod
1858 1513 1934 1589 sibi
2013 1589 2016 1593 ,

225 1655 318 1757 ipsi,
354 1670 396 1730 nt
423 1654 517 1730 mibi
545 1655 711 1743 videtur,
754 1679 886 1756 parum
915 1665 1088 1727 constans
1117 1664 1286 1727 extremo
1315 1651 1439 1727 Ethic.
1468 1651 1617 1726 Nicom.
1651 1651 1755 1725 libro
1781 1650 1821 1725 in
1850 1651 1938 1726 sola

227 1789 410 1891 sapientia
438 1818 625 1866 summum
652 1791 794 1876 bonum
821 1788 960 1864 versari
989 1788 1185 1890 opinatur,
1225 1788 1304 1877 ita,
1340 1802 1383 1862 nt
1407 1812 1540 1888 parum
1568 1785 1683 1876 absit,
1725 1785 1820 1888 quin
1846 1786 1937 1861 Pla·

225 1925 307 2007 toni
336 1927 576 2015 assentiatur,
596 1990 599 1995 .
622 1925 844 2029 praesertim
876 1951 994 2027 quum
1029 1953 1075 2000 ex
1105 1896 1224 2001 altera
1251 1938 1358 2027 parte
1393 1921 1560 1998 Platonis
1593 1922 1718 1998 ideam
1749 1936 1935 2025 tanquam
1985 2015 1988 2019 ‚

201 2058 385 2135 ¹formam
419 2062 569 2138 inanem
588 2036 641 2137 ‘et
674 2086 830 2138 vacuam
863 2086 1087 2136 evanescere
1113 2073 1307 2161 oporteat,
1349 2059 1423 2135 nisi
1449 2058 1570 2134 officii
1600 2055 1816 2162 praeceptis
1848 2074 1938 2135 tan·

227 2221 339 2299 quam
366 2198 522 2275 materia
551 2221 636 2295 sua,
664 2177 879 2298 impleatur.
935 2187 1002 2271 His
1030 2196 1205 2273 omnibns
1229 2197 1321 2271 satis
1349 2196 1529 2298 probasse
1555 2193 1824 2301 mibiyideor,
1853 2197 1936 2273 No-

227 2312 363 2422 strum,
405 2334 496 2411 dum
522 2332 864 2434 Platonemingiat
890 2345 929 2407 et
958 2348 1170 2433 oppugnet,
1210 2332 1352 2408 bonnm
1383 2332 1600 2409 absolutum
1635 2331 1699 2431 (τό
1727 2336 1823 2404 αὐτὸ
1849 2338 1936 2426 uus*

226 2469 341 2568 αὐτό)
371 2468 591 2571 reprobasse
621 2469 791 2572 quidem,
829 2467 894 2544 sed
922 2493 969 2544 ex
996 2468 1203 2570 improviso
1230 2469 1278 2542 nd
1305 2469 1344 2544 id
1370 2494 1564 2546 reversum
1590 2493 1683 2544 esse.
1715 2464 1762 2566 ⁸).

871 2714 1295 2732 Μ
1318 2713 1324 2721 ’

248 2937 254 2945 .
331 2875 369 2968 §.
399 2882 461 2954 86.
515 2877 666 2953 Summa
693 2873 961 2977 disputationis
992 2875 1191 2979 hucusque
1224 2873 1415 2953 exhibitae
1448 2871 1543 2979 baec
1576 2888 1645 2951 est.
1688 2868 1938 2956 ⁴Aristoteles

227 3008 350 3094 tribus
378 3039 400 3090 o
424 3012 567 3088 caussis
592 3011 759 3100 censuit,
786 2982 1067 3101 beatitudinem
1087 3038 1170 3089 esse
1195 3038 1414 3116 supremum
1435 3011 1549 3086 finem
1575 3025 1614 3086 et
1629 3011 1722 3086 ideo
1744 3037 1940 3090 summum

228 3143 389 3223 bonum:
413 3146 578 3250 primum
605 3147 859 3246 quadrarum
886 3148 1126 3250 publicarum
1153 3148 1486 3251 gubernandarum
1499 3173 1558 3222 ars
1577 3147 1854 3226 beatitudiuem
1880 3177 1943 3228 se·

230 3298 390 3384 quatnrs,
418 3283 555 3394 deinde
581 3283 695 3386 quod.
712 3309 794 3360 earn
821 3309 952 3360 omnes
979 3284 1192 3388 adspirent3
1231 3285 1416 3386 deniqne,
1456 3280 1558 3386 quod
1591 3310 1741 3388 semper
1773 3301 1941 3390 propter

228 3431 271 3495 sc
298 3432 343 3492 et·
365 3445 553 3520 nunquam
580 3436 738 3522 propter
759 3420 868 3495 alind
895 3435 1105 3523 expetatur.
1158 3422 1303 3497 Harum
1329 3421 1471 3496 nullam
1499 3436 1672 3505 constare
1694 3444 1764 3524 pro
1786 3422 1941 3521 viribus
2010 3447 2015 3453 ·

156 3631 159 3643 ,
230 3553 355 3629 conati
375 3579 508 3632 snmus
528 3555 739 3633 ostendere.
794 3556 959 3632 Primum
981 3557 1082 3632 enim
1102 3583 1229 3633 rerum
1251 3556 1488 3660 publicarum
1503 3548 1751 3658 regendarum
1775 3558 1955 3665 scientia·

165 3766 177 3775 ,
230 3715 301 3766 neo
316 3691 629 3770 summascientia
644 3707 712 3780 est,
725 3720 806 3791 ,nec
821 3692 1003 3785 corniano
1018 3707 1163 3796 spectat
1176 3693 1324 3768 beatam
1339 3692 1479 3783 uitam,
1501 3692 1637 3769 deinde
1649 3692 1821 3794 optimus
1831 3696 1944 3799 spuis·-

227 3825 438 3928 quealtius
455 3842 495 3903 et
507 3827 643 3905 meiius
655 3827 836 3930 quiddam
852 3832 1023 3930 spectare
1037 3827 1200 3918 videtur,
1220 3828 1714 3931 quain-beatitudinem(cp.
1733 3835 1798 3930 5)3
1819 3830 1942 3908 ‘deni-

225 3987 307 4063 qne
327 3958 568 4052 felicitatem,
597 3963 815 4066 quicunqne
831 3990 912 4038 eam
933 3978 1117 4054 sectatur,
1144 3988 1220 4040 non
1242 3941 1399 4069 propter
1420 3965 1539 4068 ipsam
1556 3966 1625 4041 sed
1646 3978 1806 4069 propter
1819 3966 1960 4054 vitam,

3 4286 14 4297 ’
155 4332 156 4335 ¹
289 4283 411 4358 ’ΝΕ
432 4293 534 4348 Μ·
555 4292 729 4368 minuce
749 4278 1124 4383 pbktachenvmuntu
1145 4248 1942 4375 ses-‚rueqmurnaenaaem

115 4402 120 4411 ’
295 4404 320 4476 ⁸)
363 4410 464 4466 Etbic.
486 4412 603 4466 Nicom.
626 4413 678 4468 t'1.
706 4431 735 4484 p.
761 4416 853 4472 1189.
880 4430 909 4467 s.
933 4415 962 4472 3,
1270 4404 1274 4410 '
1354 4432 1357 4437 ·

291 4516 318 4591 ³)
345 4527 411 4609 [Gi.
434 4527 594 4585 Miebelets
616 4529 746 4601 system,
766 4546 796 4602 p.
823 4532 892 4592 187.
919 4545 948 4587 s.
974 4528 1089 4589 1⁶21„
1171 4558 1174 4563 -
1203 4572 1226 4585 „
1397 4565 1425 4574 ..
1501 4558 1505 4565 -
1547 4528 1553 4533 '
