4334 5490
855 312 1344 396 -19....

239 530 444 661 quiddam,
478 556 681 640 relativum
708 569 851 644 tamen,
886 578 962 629 non
990 554 1154 655 negabit.
1214 553 1522 656 Tantumigitur
1549 555 1672 644 abest,
1714 571 1756 629 ut
1788 555 1952 631 felicitas

238 692 483 799 advirtutes
523 689 821 767 constituendas.
840 704 879 766 et
911 689 1177 765 describendas
1211 690 1410 779 inserviat,
1453 705 1494 765 ut
1528 690 1630 765 bono
1663 690 1840 769 absoluto
1875 691 1952 790 jam

244 843 447 931 perspecto
474 827 639 930 ideoque
665 825 816 904 virtutis
844 825 1001 901 notione
1028 825 1104 924 jam
1132 825 1340 928 descripta,
1388 825 1480 927 quid
1513 850 1595 901 esse
1622 841 1798 929 oporteat
1824 826 1951 902 felici·¹

245 978 377 1052 tatem,
412 979 457 1038 ut
482 965 533 1041 sit
558 963 724 1055 honum,
755 962 884 1050 dicere
911 961 1111 1062 possimus.

347 1100 509 1179 Constat
533 1099 652 1201 igitur
677 1096 780 1173 inter
805 1120 892 1186 nos,
925 1096 1015 1181 boni
1044 1122 1127 1172 esee
1153 1095 1296 1196 duplex
1332 1108 1398 1170 aut
1431 1093 1462 1168 si
1489 1096 1616 1197 placet
1647 1096 1790 1197 triplex
1817 1123 1948 1197 genus.

244 1237 389 1311 Bonum
417 1234 637 1325 absolutum
663 1250 702 1312 et
726 1258 914 1310 summum
941 1233 1128 1322 dicemus,
1162 1231 1264 1333 quod
1291 1230 1427 1306 rationi
1453 1257 1524 1333 per
1550 1254 1590 1307 se
1623 1232 1768 1333 placet3
1809 1233 1950 1308 honum
2132 1221 2134 1225 Α

246 1377 471 1460 relativum,
513 1370 622 1473 quod
649 1368 785 1444 rationi
820 1396 867 1446 ex
898 1367 1084 1444 relatione
1117 1367 1163 1442 ad
1198 1367 1296 1442 illud
1330 1367 1546 1441 absolutum
1583 1367 1722 1468 placet.
1801 1369 1858 1443 Ab·
1891 1367 1950 1442 his

246 1507 354 1582 bonis
382 1505 678 1607 diligentissime
701 1504 957 1582 discernemus
982 1529 1024 1578 ea
1052 1504 1169 1589 bona,
1205 1529 1301 1604 quae
1328 1502 1368 1576 in
1394 1503 1529 1603 vulgus
1557 1502 1609 1575 ita
1635 1503 1833 1590 dicuntur,
1861 1505 1949 1604 quia

245 1643 290 1718 ad
323 1641 421 1725 hanc
455 1643 517 1728 vel
551 1642 659 1719 illam
693 1666 773 1717 rem
807 1611 1076 1743 procreandam
1113 1639 1223 1713 utilia
1250 1639 1443 1726 videntur,
1484 1637 1621 1712 haecce
1654 1637 1824 1713 dicemus
1852 1638 1949 1712 hona

245 1778 421 1880 physica,
455 1804 502 1853 ne
529 1777 790 1878 inposterum
817 1776 970 1851 nomine
996 1799 1199 1850 careamus.
1274 1831 1276 1836 .

348 1897 478 2006 §.eh
530 1913 599 1989 llis
625 1910 826 2016 expositis,
865 1937 1087 2013 quaeramus
1121 1935 1275 1985 necesse
1309 1921 1384 1996 est,
1424 1932 1500 2008 quo
1527 1902 1807 1985 sensu·Noster
1832 1907 1951 1982 verho'

240 2045 334 2122 boni
363 2063 500 2124 utatur.
572 2049 611 2150 Si
638 2047 752 2124 dicit:
795 2046 949 2147 „quivis
974 2047 1060 2121 finis
1094 2045 1237 2120 bonum
1271 2043 1578 2146 quiddam·est“,
1623 2042 1720 2117 hanc
1755 2030 1947 2143 vulgarem

244 2183 436 2286 latiusque
462 2199 654 2286 patentem
682 2182 788 2258 verbi
807 2160 899 2256 honi
920 2180 1235 2284 significationem
1255 2178 1447 2280 respicere
1470 2178 1629 2254 videtur.
1687 2179 1816 2273 Quum
1843 2177 1946 2252 enim
1964 2170 1979 2210 ⁷

230 2319 365 2395 omnis
392 2296 550 2417 materia
576 2361 630 2377 -
655 2319 710 2395 uti
737 2319 877 2397 Nostro
903 2317 1055 2394 videtur
1076 2361 1131 2376 --
1149 2342 1254 2420 ¹quae
1279 2314 1609 2423 laudamento'est
1629 2314 1798 2388 omnium
1819 2338 1945 2387 rerum

246 2455 447 2543 essentiae,
472 2457 507 2555 ²)
534 2455 571 2533 vi
600 2456 759 2558 quadarn
787 2453 1210 2552 rectrici-(lrretexrip)
1238 2465 1452 2539 moveatur,
1481 2464 1524 2557 ut
1543 2450 1719 2538 sormam,
1748 2475 1857 2551 quam
1887 2447 1948 2522 di-

246 2606 353 2680 cunt,
393 2591 558 2692 accipiat
591 2591 834 2697 singulasque
865 2590 906 2665 in
936 2616 1000 2666 -res
1033 2603 1216 2677 transeat,
1252 2585 1286 2685 ²)
1332 2613 1449 2688 quum
1483 2602 1676 2688 praeterea
1711 2584 1947 2661 entelechiae

244 2724 319 2811 hoc
350 2727 513 2803 maxime
545 2728 741 2831 proprium
776 2727 843 2818 sit,
890 2724 993 2827 quod
1026 2723 1100 2826 ipsi
1135 2725 1227 2799 insit
1260 2712 1317 2797 sui
1347 2722 1465 2824 ipsius
1499 2722 1584 2796 finis
1612 2737 1651 2796 et
1677 2720 1881 2822 perfectio,
1910 2716 1950 2816 ³).

165 2909 170 2915 -
246 2861 345 2939 nihil
368 2877 495 2939 tamen
521 2864 656 2966 agendi
677 2863 762 2939 finis
789 2863 872 2941 fieri
898 2861 1036 2965 possit,
1064 2861 1138 2936 nisi
1160 2858 1324 2947 bouumss,
1340 2858 1378 2958 ⁴)
1406 2858 1586 2961 aequi-tur,
1615 2855 1838 2958 utquisque
1859 2853 1945 2928 finis

242 2997 442 3101 physicum
478 2999 619 3074 honum
653 3014 718 3076 aut
751 3000 818 3090 eit,
857 3012 923 3075 aut
955 2997 1151 3101 appetenti
1184 3020 1269 3073 esse
1302 2991 1560 3095 videntum)-
1624 2965 1764 3069 ⁴Nostro
1792 2989 1945 3094 quidem

243 3133 313 3209 illa
339 3135 396 3210 vis
424 3136 599 3211 movendi
633 3150 674 3213 et
698 3136 854 3237 regendi
887 3137 1031 3237 illaque
1057 3134 1213 3212 materia
1248 3130 1542 3206 fundamentalie
1563 3156 1635 3205 ‘res
1661 3154 1732 3231 per
1759 3154 1798 3209 se
1824 3126 1945 3201 bonae

196 3358 201 3363 ,
243 3270 418 3374 nihilque
447 3272 518 3347 nisi
545 3272 645 3348 hona
677 3288 856 3375 expetere
889 3271 1038 3375 sibique
1070 3291 1286 3371 proponere
1319 3267 1512 3378 videntur,
1552 3265 1619 3341 ced
1646 3288 1722 3365 quo
1748 3261 1833 3362 jure
1860 3259 1945 3361 qui·

241 3494 531 3534 *ο*

303 3645 328 3719 ¹)
372 3653 460 3723 Phys.
482 3610 563 3706 ausc.
586 3653 609 3707 1.
631 3658 685 3713 92.
712 3669 742 3724 p.
769 3655 818 3711 19.
840 3666 869 3707 e.
892 3652 944 3710 81.
977 3644 1046 3719 λέγω
1063 3647 1117 3718 γὰρ
1138 3640 1209 3716 dtas
1227 3602 1391 3714 ‘'o-“Q
1403 3639 1602 3712 tutaremus
1619 3639 1734 3716 ἑκάστῳ.
1777 3638 1943 3712 Mataphys.

369 3754 436 3809 vn.
463 3759 488 3812 1
517 3771 548 3825 p.
575 3753 713 3812 10421
715 3755 896 3812 ,28-88
921 3744 992 3820 ὅλην
1018 3746 1047 3805 δὲ
1073 3746 1157 3819 λέγω,
1189 3741 1210 3818 ἦ
1237 3748 1277 3817 μή
1302 3741 1365 3804 τόδε
1386 3762 1413 3801 τι
1439 3736 1511 3801 οὖσα
1533 3744 1672 3841 ἔνιηείςι,
1710 3738 1863 3812 δυνάμει
1887 3738 1943 3796 dccl

320 3843 453 3909 τόδε
451 3871 492 3908 τι.
534 3850 713 3909 Geschichte
733 3852 787 3907 det
808 3853 1013 3926 Philosophia,
1032 3869 1092 3906 ron
1113 3849 1259 3904 Heinrich
1281 3849 1387 3902 nitrea.
1422 3850 1451 3919 8.
1481 3867 1510 3920 p
1535 3852 1595 3914 127
1619 3836 1676 3901 etc.
1717 3870 1735 3884 ··

301 3965 327 4040 ')
371 3971 504 4042 Meteph.
528 3973 575 4024 Vt
600 3944 629 4030 9.
658 3971 747 4059 impr.
772 3984 796 4024 r.
818 3970 842 4024 f.
870 3987 898 4024 r.
924 3973 962 4028 17
983 3978 1015 4022 et
1039 3972 1087 4028 18.
1132 3964 1188 4024 dte·
1199 3954 1284 4022 tem
1304 3967 1354 4035 τῆε
1374 3962 1472 4020 adelae
1492 3961 1524 4019 ἐκ
1544 3982 1651 4020 τουτων
1671 3962 1778 4035 ludera
1789 3932 1876 4028 lorea,
1901 3952 1943 4017 cer

367 4069 474 4141 ἄνᾶγκη
496 4068 702 4141 προϋπάρχειν
714 4054 813 4141 isim
834 4069 963 4127 odrico
985 4064 1168 4138 drealezrl
1173 4060 1318 4141 polrus
1343 4058 1364 4135 ἧ
1384 4068 1537 4134 κιιεῖ,-
1557 4083 1583 4119 c.
1608 4065 1629 4118 1.
1653 4065 1719 4117 vn.
1743 4067 1773 4127 6.
1797 4081 1826 4134 p.
1844 4061 1942 4132 10453

261 4185 264 4192 '
298 4164 301 4169 ’
367 4174 393 4228 1.
417 4176 446 4232 8.
469 4192 497 4244 p.
522 4176 596 4232 988.
618 4190 646 4229 v.
670 4176 728 4243 29,
752 4178 803 4234 80.
847 4149 945 4228 nord
962 4190 994 4226 c.
1017 4172 1039 4224 1.
1062 4188 1091 4242 p.
1118 4169 1188 4228 149.
1211 4187 1238 4225 e.
1257 4187 1281 4224 ι.
1302 4167 1412 4220 -Da
1433 4167 1543 4223 enimc.
1565 4167 1608 4223 11.
1633 4171 1661 4225 1.
1684 4183 1712 4236 p.
1730 4163 1802 4225 412·
1825 4178 1853 4216 v·
1869 4166 1917 4220 10·

214 4375 218 4381 ,
298 4278 346 4359 'l'
369 4288 505 4362 Metapa
527 4290 609 4345 v11r.
635 4293 665 4348 ι.
680 4290 828 4363 emota.
848 4306 878 4345 v.
894 4277 1058 4349 re-se.⁴
1085 4286 1184 4342 maer
1203 4304 1230 4367 ι.
1253 4286 1276 4341 1.
1297 4302 1328 4357 p.
1356 4286 1424 4344 rsa.
1503 4283 1506 4289 ’
1542 4284 1546 4291 ·

300 4401 326 4474 ⁴)
369 4409 554 4469 onte
585 4411 959 4482 precessores.

256 4507 262 4512 ’
298 4511 326 4589 ‘l
370 4520 953 4596 neruine.11L12.p.4u.v.1.
988 4511 1241 4578 altor-810¹·
1260 4513 1483 4589 φύοιωιῐῃω.
1586 4548 1592 4561 ·

1517 4677 1577 4757 3&
