4334 5490
840 366 1326 451 ......11........

227 601 417 692 summam
439 612 602 707 'bonum
627 618 723 690 'esse'
754 611 910 690 dicitur.
990 601 1072 688 Ar's
1112 598 1346 712 reipublicae
1377 602 1652 710 gubernandae
1683 631 1740 691 est
1770 640 1933 704 summa,

230 766 355 855 quare
394 752 483 854 ejus
518 742 666 849 finem,
711 736 1008 836 beatitudinem)
1057 736 1245 823 sarnanum
1291 772 1370 822 esse
1376 735 1389 835 ss
1457 735 1556 825 inter
1594 777 1724 828 omnes
1765 764 1928 827 constat.

232 886 312 987 <et
354 887 485 985 sa)
588 878 591 885 ’
1326 872 1369 879 ’·
1904 873 1909 883 ·

244 1014 443 1123 ····''llosti
476 1021 623 1122 antiqui
656 1019 737 1097 a'evi
770 1019 980 1111 hominem,
1023 1047 1108 1097 nam
1141 1019 1398 1096 recentiorum
1431 1021 1618 1097 neminem
1644 1020 1760 1124 fugit,
1806 1003 1934 1109 reruni

231 1157 472 1260 publicarum
511 1147 977 1258 regendarum-scientiae
1017 1158 1182 1258 primum
1218 1142 1355 1260 locum
1398 1182 1471 1231 non
1513 1182 1594 1233 esse
1634 1157 1928 1232 concedendum.

231 1293 398 1369 Primum
425 1317 483 1369 ars
511 1288 674 1394 politica
704 1271 750 1366 ab
783 1276 863 1393 ipsa
896 1292 1111 1367 officiorum
1142 1279 1365 1393 morumque
1399 1291 1569 1367 doctrina
1596 1280 1755 1395 pendets
1795 1276 1933 1367 deinde

233 1429 469 1531 singulorum
504 1428 666 1503 salutem
698 1443 922 1503 cunctorum
957 1427 1070 1502 saluti
1104 1416 1332 1529 posthabere
1373 1427 1591 1530 saepissime
1615 1414 1793 1529 cogitur,
1842 1427 1931 1500 dum

233 1565 358 1642 ethica
385 1558 594 1666 unicuique
620 1554 802 1653 consulit,
844 1588 915 1638 nec
948 1589 1176 1666 quemquam
1210 1564 1388 1666 n'egligit3
1431 1563 1609 1665 denique.
1628 1551 1719 1639 artis
1752 1561 1933 1665 politicae

232 1699 318 1776 finis
346 1695 422 1777 uon
448 1693 612 1777 felicitas
639 1699 704 1777 sed
729 1690 884 1776 libertas
912 1724 994 1775 esse
1020 1690 1187 1789 videtur,
1216 1726 1297 1774 eam
1324 1700 1431 1789 dico,
1458 1724 1531 1800 qua
1557 1697 1679 1772 cuivis
1707 1697 1933 1800 permissum

197 1808 309 1925 ἡθεῖ,
343 1851 385 1911 ut
411 1863 452 1911 se
478 1835 602 1936 ipsum
634 1835 681 1911 ad
706 1828 904 1912 arbitrium
938 1846 978 1909 et
1008 1859 1079 1935 pro
1112 1835 1256 1910 viribus
1288 1834 1441 1911 beatum
1474 1850 1541 1909 aut
1568 1832 1764 1910 infelicem
1791 1833 1933 1922 reddat,

234 1968 306 2046 hac
331 1982 457 2046 tamen
484 1970 717 2060 conditione,
752 1985 794 2046 ut
808 1968 867 2044 'ab
894 1970 978 2046 aliis
1006 1960 1090 2045 uon¹
1108 1969 1313 2072 impeditus
1332 1971 1500 2047 vicissim
1520 1969 1615 2044 alios
1638 1956 1932 2079 nonlimpediat.

125 2155 131 2165 .
182 2123 216 2134 ,.
246 2142 253 2153 -
335 2104 466 2198 saa.
521 2107 691 2196 uernae,
732 2106 899 2182 omnum
928 2100 1129 2182 consensui
1156 2123 1196 2182 a
1222 2105 1406 2209 imprimis
1441 2104 1538 2180 sene
1564 2105 1700 2180 moran
1718 2080 1805 2181 'vni
1831 2103 1936 2206 juu-

233 2238 296 2315 cio
316 2242 525 2332 confidens,
558 2240 631 2316 hac
651 2242 698 2317 de
720 2266 848 2317 caussa
876 2241 1148 2318 beatitudinem
1176 2242 1326 2344 dignam
1347 2233 1591 2330 existimavit,
1620 2266 1717 2344 quae
1737 2232 1935 2342 supremus

232 2354 479 2468 humanarum
507 2371 700 2453 actionum
726 2375 811 2451 finis
837 2377 1000 2466 dicatur,
1036 2384 1128 2481 qnia
1154 2370 1256 2454 banc
1275 2384 1515 2479 potissimum
1538 2375 1587 2481 ab
1602 2372 1781 2454 'omnibus
1803 2381 1936 2479 expeti

233 2510 446 2588 arbitratur.
504 2513 687 2611 Quamvis
708 2498 815 2589 ¹'enim
840 2513 949 2590 miles
970 2512 1152 2589 victoriae
1173 2503 1302 2596 caussa
1323 2503 1457 2588 'caedat
1470 2503 1620 2602 hostes,
1653 2528 1778 2589 tamen
1805 2538 1936 2616 supre-

234 2660 318 2724 m'us
344 2648 427 2748 ejus
454 2650 540 2725 linis
568 2672 642 2724 nou
669 2663 728 2725 est
753 2649 870 2738 alius',
906 2674 1019 2750 quam
1048 2640 1198 2752 ut'ipse
1225 2650 1336 2725 beate
1362 2649 1474 2725 vitat.
1531 2645 1594 2746 (S.
1622 2659 1647 2725 2
1673 2640 1713 2721 et
1741 2651 1805 2746 8.)

337 2786 504 2860 Primum
530 2785 737 2860 notandum
765 2800 841 2875 est,
876 2785 1056 2859 Nostrum
1081 2784 1280 2909 hucusque
1306 2773 1488 2859 debeata
1515 2784 1592 2858 vita
1619 2780 1716 2856 nihil
1739 2782 1831 2858 certi
1862 2798 1937 2857 sta·
2019 2892 2025 2901 ⁰

234 2918 375 3009 tuisse,·
400 2916 531 3024 ¹potius
557 2920 801 3012 concessisse,
844 2919 929 2996 aliis
956 2921 1061 3013 aliud
1087 2918 1479 3022 quiddam'summum
1506 2917 1648 3005 bonum
1676 2918 1811 3010 rideri,
1854 2918 1936 2995 cui·

122 3134 125 3139 .
236 3046 312 3158 que
327 3052 465 3135 'tamen
487 3057 543 3147 id,
578 3051 680 3160 quod
706 3073 806 3134 amet
833 3073 872 3133 et
897 3071 1073 3161 appetat,
1098 3072 1318 3161 propterea,
1353 3056 1456 3158 quod
1481 3080 1528 3131 ex
1550 3078 1677 3130 amore
1697 3044 1935 3156 voluptatem

235 3191 434 3294 percipiat.
464 3193 530 3291 (§.
553 3195 618 3293 8.)
672 3195 891 3301 Voluptatis
918 3194 1019 3270 enim
1048 3219 1237 3297 nunquam
1265 3208 1457 3295 expertem
1486 3217 1568 3268 esse
1594 3191 1763 3280 beatum,
1792 3191 1935 3266 centies

235 3328 388 3429 repetit.
438 3329 577 3425 Quae
609 3329 641 3402 si
675 3330 729 3405 ita
760 3347 866 3421 sunt,
905 3329 979 3404 hoc
1011 3323 1071 3407 est
1103 3330 1280 3407 nimirum
1313 3354 1426 3429 grave
1457 3329 1617 3415 dictum,
1660 3326 1761 3428 quod
1793 3341 1945 3415 censet·
2027 3350 2054 3423 s

236 3462 428 3564 quemque
453 3467 650 3542 mortalem
679 3460 955 3569 sibi'expetcre
982 3463 1274 3555 beatitudinem,
1317 3477 1518 3568 postquam
1548 3462 1627 3563 jem
1660 3476 1790 3552 antea,
1830 3460 1938 3564 quic·

237 3598 333 3700 qna
355 3595 505 3702 anquis·
523 3617 693 3704 appan,
727 3593 1104 3677 leuetnsmmtne
1131 3599 1375 3701 significavit!
1397 3602 1432 3699 Ι)
1485 3601 1620 3675 uonna
1648 3570 1734 3675 enm
1764 3596 1938 3698 oportuit

236 3749 347 3811 autea
380 3739 591 3813 accuratius
624 3736 856 3826 describere,
897 3726 989 3840 quid
1023 3737 1073 3813 sit
1109 3734 1277 3812 felicitas
1309 3752 1348 3813 et
1381 3735 1519 3814 deinde
1544 3734 1722 3838 probare,
1761 3731 1858 3807 banc
1884 3731 1938 3807 ita

235 3868 434 3947 delinitam
460 3872 507 3947 ab
534 3873 707 3949 omnibus
736 3871 875 3975 expeti.

264 4042 267 4047 ·
340 4008 424 4083 Hoc
455 4023 580 4085 tamen
613 4008 689 4109 jam
726 4034 825 4083 nunc
857 4023 1032 4110 apparet,
1072 4007 1346 4085 beatitudinem
1373 4006 1515 4110 absque
1542 4007 1738 4109 voluptate
1765 4001 1936 4104 cogitari,

235 4139 377 4231 nedum
405 4141 537 4218 sentiri
566 4168 641 4217 nou
668 4169 798 4246 posse,
835 4149 1073 4247 voluptatem
1105 4168 1198 4243 ergo
1231 4149 1445 4221 necessario
1475 4159 1672 4233 sectatur,
1711 4147 1778 4243 qui
1804 4138 1939 4217 beatae

237 4258 343 4355 vilae
368 4277 508 4356 studet.
562 4277 661 4354 Huic
686 4293 813 4357 tamen
839 4277 1031 4383 opinioni,
1070 4303 1201 4357 omnes
1230 4253 1288 4355 ed
1304 4306 1420 4356 unum
1450 4300 1598 4384 semper
1624 4293 1664 4356 et
1690 4277 1832 4381 ubique
1860 4291 1939 4352 stu-

239 4470 537 4501 W

158 4585 161 4590 ·
251 4595 253 4599 >
298 4563 325 4638 ⁸)
370 4573 404 4625 C.
428 4573 450 4627 1.
473 4572 497 4626 1.
520 4576 549 4632 2.
573 4591 603 4645 p·
626 4574 707 4632 1096
730 4579 809 4644 etp.
833 4528 1922 4651 1099·v.8.-lnclcsplorlrl1dlaeqbtbllyrurotberewdwtn.s.l.

1517 4693 1577 4773 εἰ
