4334 5490
761 306 1318 419 1-30--2

24 589 29 597 '
135 644 138 648 .
204 548 460 683 perficiatur,
488 578 525 678 ²)
563 577 707 654 'iterum
734 576 949 680 iterumque
975 592 1120 665 monet,
1159 556 1256 650 bede
1284 552 1483 648 edueatuin
1510 596 1595 647 enm
1624 594 1705 647 esse
1731 582 1942 672 oportere,-

208 715 297 815 ‘lJui
326 715 419 790 velit
444 714 565 790 bonus
592 713 692 804 fieri,
729 729 769 790 et
795 713 896 815 quod
923 737 1104 787 summam
1131 709 1410 786 educandorum
1437 707 1574 783 civium
1602 705 1823 780 facultatem
1851 698 1936 778 'reia

227 848 404 952 publicae
430 848 744 950 gubernatoribus
771 872 977 948 eorumque
1003 846 1151 948 legibus
1177 845 1329 936 tribuit,
1371 870 1455 920 nam
1488 842 1519 916 si
1552 840 1637 916 hoc.
1654 865 1730 914 non
1755 832 1933 927 fecisset,
1971 912 1976 919 .

226 985 275 1060 de
300 962 437 1059 officiis
465 1000 505 1060 et
528 986 577 1060 de
603 983 771 1059 moribus
798 979 894 1057 nihil
920 982 1013 1057 certi
1041 981 1180 1075 dixisse
1206 981 1300 1057 mihi
1322 980 1423 1056 visus
1451 990 1560 1054 esset.
1628 974 1698 1050 Sed
1725 974 1820 1051 haec
1847 967 1936 1079 dis·

227 1090 403 1220 qui'siti0,
439 1146 535 1221 qnae
562 1120 679 1220 magis
704 1118 823 1194 totius
850 1110 1044 1193 doctriisae
1069 1117 1223 1193 moralis
1252 1132 1420 1192 naturam
1448 1126 1610 1218 spectat,
1646 1136 1756 1213 quam
1784 1100 1937 1186 summi
1966 1216 1969 1221 Ι

227 1251 318 1329 boni
347 1254 564 1330 inveniendi
592 1254 795 1342 rationem,
827 1269 1003 1328 anostro
1030 1225 1234 1354 proposito
1253 1223 1365 1355 plane
1392 1263 1449 1326 est
1475 1251 1610 1324 aliena.

330 1389 369 1482 ὃ.
399 1394 459 1468 43.
514 1391 597 1466 Alia
624 1415 770 1478 caussa,
811 1414 921 1489 quam
947 1390 1087 1463 Noster
1113 1389 1258 1476 attulit,
1299 1402 1341 1461 ut
1368 1360 1575 1474 evinceret,
1597 1407 1686 1458 ·non
1713 1380 1838 1456 solum
1869 1406 1956 1471 ras
1991 1418 1996 1427 ·

116 1574 121 1587 ·
227 1521 323 1599 tioni
352 1525 418 1602 sed
445 1527 558 1601 etiam
585 1524 736 1615 virtuti,
772 1523 948 1599 nimirum
974 1520 1113 1625 p‘artim
1139 1551 1186 1598 ex
1211 1518 1624 1622 ratione'procedenti,
1652 1517 1934 1594 convenienter

177 1749 182 1764 ‚
226 1657 354 1735 vivere
387 1678 566 1761 oportere
597 1663 736 1748 virum,
782 1659 847 1761 qui
879 1635 1075 1734 beatorum
1109 1683 1266 1734 numero
1297 1656 1457 1732 adscribi
1491 1655 1602 1743 velit,
1649 1653 1791 1729 nullius
1827 1653 1931 1731 mihi
1988 1661 1995 1681 ’
2035 1665 2040 1674 ’

226 1766 408 1870 momenti
437 1797 596 1872 videtur.
628 1895 631 1900 .
656 1797 749 1886 „Sui
768 1795 888 1897 ipsius
908 1796 1058 1884 virtuti,
1087 1793 1229 1895 inquit,
1257 1806 1523 1881 consentanea,
1552 1815 1723 1892 quaeque
1742 1813 1803 1863 res
1824 1788 1931 1864 bene

228 1931 433 2030 perficitur.
467 1929 499 2028 ²)
558 1930 730 2006 Hominis
757 1930 898 2005 bonum
925 1932 1041 2032 igitur
1064 1917 1140 2006 erit
1165 1929 1265 2003 actio
1291 1907 1424 2002 uirtuti
1452 1934 1743 2001 consentanca.“
1813 1922 1933 2019 Quae
1951 1897 1980 1949 ’ἱ

172 2108 190 2135 .
226 2064 382 2139 rationis
417 2067 632 2156 conclusio,
675 2081 718 2140 ut
751 2091 771 2139 a
806 2065 916 2139 nobis
950 2080 1124 2139 accurate
1157 2063 1429 2165 perpendatur,
1468 2063 1631 2163 primum
1666 2057 1932 2162 quaerendum

196 2222 205 2235 ⁸
226 2197 394 2275 videtur:
428 2215 553 2275 utrum
581 2201 799 2276 enunciatio
825 2200 963 2301 major,
996 2205 1176 2303 ‚quaevis
1197 2199 1482 2281 ressecundum
1502 2205 1679 2274 uirtutem
1699 2218 1811 2272 suum
1833 2193 1932 2271 dene
1992 2172 1995 2180 Ι

225 2331 569 2435 perficitust‘rera
596 2335 662 2424 sit,
691 2335 833 2410 necne?
886 2335 953 2409 Vis
983 2334 1109 2410 bacin
1139 2337 1323 2412 sententia
1339 2335 1462 2433 ¹verbo
1482 2334 1631 2410 virtutis
1652 2331 1823 2432 subjecta
1846 2353 1930 2404 non

226 2484 285 2544 est
308 2468 373 2543 illa
403 2467 526 2543 ethica
555 2484 622 2543 aut
645 2469 786 2571 logica,
820 2473 866 2546 de
894 2498 967 2572 qua
995 2496 1105 2571 supra
1133 2471 1312 2560 diximus,
1340 2470 1404 2546 sed
1430 2471 1521 2558 alia,
1554 2469 1722 2571 quamvis
1748 2481 1928 2568 cognata,

226 2616 351 2677 tamen
380 2603 578 2699 admodum
605 2605 762 2682 diversa.
826 2609 919 2681 Nam
947 2606 1032 2711 quis
1059 2607 1300 2694 concederet,
1326 2607 1503 2708 ¹quamvis
1531 2631 1627 2692 rem,
1664 2618 1706 2678 ut
1731 2618 1928 2691 truncum,

226 2735 410 2838 lapidem,
458 2738 592 2815 bovem
632 2726 836 2817 virtutibus
874 2741 972 2832 illis,
1019 2767 1115 2843 quac
1147 2741 1270 2815 libero
1304 2766 1351 2816 ex
1384 2740 1540 2814 arbitrio
1567 2737 1600 2838 ³)
1633 2739 1848 2843 pendentes*
1879 2739 1929 2813 ad
1988 2739 1991 2743 ’

227 2897 350 2961 mores
373 2889 562 2974 spectant,
590 2902 671 2952 esse
697 2893 924 2954 exornatam.
978 2879 1173 2952 Praeterea
1195 2877 1332 2950 Noster
1352 2875 1398 2948 ad
1416 2876 1637 2950 sententiam
1659 2873 1929 2970 illustrandam

228 3004 303 3081 boc
330 3010 504 3109 exemplo
534 3010 670 3086 utitur:
697 3037 842 3112 „equus
862 3026 922 3089 est
943 2978 1152 3111 perlaetus,
1178 3009 1330 3111 quando
1358 3010 1460 3084 nulla
1489 3011 1575 3111 equi
1599 3006 1757 3112 perlecti
1780 3007 1930 3085 virtute
2009 3100 2013 3105 ,

227 3153 372 3230 caret,“
391 3185 443 3200 -
463 3170 564 3246 equo
584 3160 710 3221 tamen
729 3146 889 3253 uirtutes
906 3145 994 3220 illas
1016 3146 1193 3234 morales,
1222 3172 1312 3247 quas
1333 3146 1480 3234 dicunt,
1509 3172 1636 3233 nemo,
1665 3146 1735 3221 nisi
1757 3146 1929 3233 insanus,
1997 3165 1999 3168 ‘

229 3276 385 3353 tribuet.
440 3280 597 3354 Certum
622 3296 698 3369 est,
727 3280 799 3356 hoc
826 3283 914 3357 loco
941 3281 1091 3357 virtutis
1115 3282 1230 3356 verbo
1253 3282 1347 3356 nibil
1368 3283 1470 3357 aliud
1495 3267 1732 3384 significari,
1753 3283 1828 3358 nisi
1858 3296 1931 3363 ne2

226 3415 427 3489 cessariam
451 3414 619 3515 cujusvis
644 3414 699 3491 rei
728 3419 1014 3519 proprietatem,
1048 3443 1129 3492 eam
1156 3417 1321 3506 scilicet,
1355 3420 1515 3519 qualit,
1544 3433 1586 3492 ut
1611 3420 1676 3508 sit,
1710 3419 1813 3520 quod
1841 3447 1931 3500 esse

151 3566 156 3577 ·
208 3562 407 3661 putetur..-
452 3550 645 3627 Virtutem
666 3554 873 3627 naturalem
894 3552 989 3626 hanc
1008 3553 1134 3626 dicere
1156 3554 1261 3627 nobis
1280 3555 1412 3643 liceat,
1441 3554 1565 3642 illam,
1593 3569 1636 3627 ut
1651 3569 1771 3644 antea,
1799 3561 1933 3634 morass
2003 3621 2018 3647 ,

228 3681 316 3758 lem.
372 3685 577 3785 Utramque
603 3687 720 3794 verbo
747 3691 881 3772 ἀρετῆς
905 3660 1130 3786 significavit
1157 3690 1295 3763 Noster
1320 3704 1359 3764 et
1378 3689 1545 3791 saepius,
1581 3689 1715 3764 summi
1738 3691 1932 3772 intereas

227 3815 455 3893 discriminis
490 3819 717 3909 incuriosus,
763 3823 878 3919 altera
907 3823 958 3895 ad
994 3823 1151 3897 alteram
1179 3823 1442 3924 explicandam*
1475 3851 1562 3899 usus
1596 3840 1663 3901 est.
1730 3823 1844 3902 Nunc
1881 3833 1936 3908 ad

227 3953 456 4028 seutentiam
482 3970 647 4030 nostram
674 3957 880 4032 redeamus.
934 3957 1095 4032 Veritati
1124 3958 1340 4060 respondet,
1368 3959 1399 4033 si
1425 3961 1539 4033 modo
1568 3960 1745 4039 virtutem
1770 3977 1939 4043 natura·

288 4270 315 4334 *t
354 4279 456 4337 erate.
480 4279 596 4333 uram.
618 4273 653 4334 rr.
678 4284 728 4338 10.
756 4296 785 4352 p.
812 4287 1040 4343 trra—1181.

290 4388 1721 4476 ⁸)mmmmtenmaem-msnum-msnnm

289 4501 570 4581 &cumn
