<?xml version="1.0" encoding="UTF-8"?>
<!DOCTYPE html PUBLIC "-//W3C//DTD XHTML 1.0 Transitional//EN"
    "http://www.w3.org/TR/xhtml1/DTD/xhtml1-transitional.dtd">
<html xmlns="http://www.w3.org/1999/xhtml" xml:lang="en" lang="en">
 <head>
  <title>
</title>
<meta http-equiv="Content-Type" content="text/html;charset=utf-8" />
  <meta name='ocr-system' content='tesseract 3.04.00' />
  <meta name='ocr-capabilities' content='ocr_page ocr_carea ocr_par ocr_line ocrx_word'/>
</head>
<body>
  <div class='ocr_page' id='page_1' title='image "./deviaetrationeq00kruhgoog_0037.png"; bbox 0 0 4334 5490; ppageno 0'>
   <div class='ocr_carea' id='block_1_1' title="bbox 943 284 1455 369">
    <p class='ocr_par' dir='ltr' id='par_1_1' title="bbox 943 284 1455 369">
     <span class='ocr_line' id='line_1_1' title="bbox 943 284 1455 369; baseline 0.002 -14"><span class='ocrx_word' id='word_1_1' title='bbox 943 284 1455 369; x_wconf 76' lang='lat' dir='ltr'><strong>.-.....as..-...</strong></span> 
     </span>
    </p>
   </div>
   <div class='ocr_carea' id='block_1_2' title="bbox 267 506 2140 1042">
    <p class='ocr_par' dir='ltr' id='par_1_2' title="bbox 267 506 2140 1042">
     <span class='ocr_line' id='line_1_2' title="bbox 267 506 2140 629; baseline -0.006 -21"><span class='ocrx_word' id='word_1_2' title='bbox 267 509 269 512; x_wconf 12' lang='lat' dir='ltr'>V</span> <span class='ocrx_word' id='word_1_3' title='bbox 358 528 443 607; x_wconf 88' lang='lat' dir='ltr'><strong>luta</strong></span> <span class='ocrx_word' id='word_1_4' title='bbox 471 531 579 606; x_wconf 92' lang='lat' dir='ltr'><strong>uobis</strong></span> <span class='ocrx_word' id='word_1_5' title='bbox 606 544 664 603; x_wconf 90' lang='lat' dir='ltr'><strong>est</strong></span> <span class='ocrx_word' id='word_1_6' title='bbox 686 527 853 628; x_wconf 84' lang='lat' dir='ltr'><strong>eligendi</strong></span> <span class='ocrx_word' id='word_1_7' title='bbox 881 526 1005 629; x_wconf 91' lang='lat' dir='ltr'><strong>optio,</strong></span> <span class='ocrx_word' id='word_1_8' title='bbox 1046 550 1238 626; x_wconf 90' lang='lat' dir='ltr'><strong>quumque</strong></span> <span class='ocrx_word' id='word_1_9' title='bbox 1266 522 1363 600; x_wconf 90' lang='lat' dir='ltr'><strong>nibil</strong></span> <span class='ocrx_word' id='word_1_10' title='bbox 1389 521 1566 624; x_wconf 87' lang='lat' dir='ltr'><strong>impedit,</strong></span> <span class='ocrx_word' id='word_1_11' title='bbox 1599 546 1677 623; x_wconf 91' lang='lat' dir='ltr'><strong>quo</strong></span> <span class='ocrx_word' id='word_1_12' title='bbox 1703 519 1827 597; x_wconf 88' lang='lat' dir='ltr'><strong>minus</strong></span> <span class='ocrx_word' id='word_1_13' title='bbox 1854 506 1935 609; x_wconf 78' lang='lat' dir='ltr'><strong>i&#39;d,</strong></span> <span class='ocrx_word' id='word_1_14' title='bbox 1957 519 2071 623; x_wconf 86' lang='lat' dir='ltr'><strong>quod</strong></span> <span class='ocrx_word' id='word_1_15' title='bbox 2132 512 2140 532; x_wconf 73' lang='lat'><strong>⁹</strong></span> 
     </span>
     <span class='ocr_line' id='line_1_3' title="bbox 362 644 2118 766; baseline -0.004 -26"><span class='ocrx_word' id='word_1_16' title='bbox 362 668 523 742; x_wconf 84' lang='lat' dir='ltr'>maxime</span> <span class='ocrx_word' id='word_1_17' title='bbox 548 665 715 766; x_wconf 79' lang='lat' dir='ltr'><strong>placeat,</strong></span> <span class='ocrx_word' id='word_1_18' title='bbox 748 652 1105 764; x_wconf 55' lang='lat' dir='ltr'><strong>lacere&#39;possimus,</strong></span> <span class='ocrx_word' id='word_1_19' title='bbox 1132 658 1256 734; x_wconf 88' lang='lat' dir='ltr'><strong>omnis</strong></span> <span class='ocrx_word' id='word_1_20' title='bbox 1282 657 1461 758; x_wconf 62' lang='lat' dir='ltr'><strong>voluptas,</strong></span> <span class='ocrx_word' id='word_1_21' title='bbox 1486 656 1706 734; x_wconf 88' lang='lat' dir='ltr'><strong>assumenda</strong></span> <span class='ocrx_word' id='word_1_22' title='bbox 1732 670 1807 745; x_wconf 89' lang='lat' dir='ltr'><strong>est,</strong></span> <span class='ocrx_word' id='word_1_23' title='bbox 1839 644 2070 748; x_wconf 76' lang='lat' dir='ltr'><strong>omniado-</strong></span> <span class='ocrx_word' id='word_1_24' title='bbox 2110 730 2118 749; x_wconf 76' lang='lat'><strong>,</strong></span> 
     </span>
     <span class='ocr_line' id='line_1_4' title="bbox 361 791 2124 903; baseline -0.006 -27"><span class='ocrx_word' id='word_1_25' title='bbox 361 801 422 876; x_wconf 91' lang='lat' dir='ltr'><strong>lor</strong></span> <span class='ocrx_word' id='word_1_26' title='bbox 448 799 702 900; x_wconf 83' lang='lat' dir='ltr'><strong>repellendus.</strong></span> <span class='ocrx_word' id='word_1_27' title='bbox 753 796 1009 899; x_wconf 65' lang='lat' dir='ltr'><strong>,Temporibus</strong></span> <span class='ocrx_word' id='word_1_28' title='bbox 1031 811 1164 871; x_wconf 86' lang='lat' dir='ltr'><strong>autem</strong></span> <span class='ocrx_word' id='word_1_29' title='bbox 1180 795 1405 896; x_wconf 81' lang='lat' dir='ltr'><strong>quibusdam</strong></span> <span class='ocrx_word' id='word_1_30' title='bbox 1424 835 1477 851; x_wconf 90' lang='lat'><em>-</em></span> <span class='ocrx_word' id='word_1_31' title='bbox 1500 794 1675 903; x_wconf 85' lang='lat' dir='ltr'><strong>eveniet,</strong></span> <span class='ocrx_word' id='word_1_32' title='bbox 1707 807 1750 866; x_wconf 90' lang='lat' dir='ltr'><strong>ut</strong></span> <span class='ocrx_word' id='word_1_33' title='bbox 1775 803 1815 869; x_wconf 89' lang='lat' dir='ltr'><strong>et</strong></span> <span class='ocrx_word' id='word_1_34' title='bbox 1842 791 2067 894; x_wconf 80' lang='lat' dir='ltr'><strong>voluptates</strong></span> <span class='ocrx_word' id='word_1_35' title='bbox 2120 804 2124 812; x_wconf 84' lang='lat'>&#39;</span> 
     </span>
     <span class='ocr_line' id='line_1_5' title="bbox 354 916 2068 1042; baseline -0.005 -32"><span class='ocrx_word' id='word_1_36' title='bbox 354 918 615 1042; x_wconf 62' lang='lat' dir='ltr'><strong>&#39;repudiandae</strong></span> <span class='ocrx_word' id='word_1_37' title='bbox 641 933 718 1006; x_wconf 91' lang='lat' dir='ltr'><strong>sint</strong></span> <span class='ocrx_word' id='word_1_38' title='bbox 744 947 783 1007; x_wconf 91' lang='lat' dir='ltr'><strong>et</strong></span> <span class='ocrx_word' id='word_1_39' title='bbox 809 931 1005 1008; x_wconf 82' lang='lat' dir='ltr'><strong>molestiae</strong></span> <span class='ocrx_word' id='word_1_40' title='bbox 1033 956 1109 1005; x_wconf 92' lang='lat' dir='ltr'><strong>nou</strong></span> <span class='ocrx_word' id='word_1_41' title='bbox 1135 928 1373 1007; x_wconf 78' lang='lat' dir='ltr'><strong>recusandae.</strong></span> <span class='ocrx_word' id='word_1_42' title='bbox 1441 930 1575 1030; x_wconf 80' lang='lat' dir='ltr'><strong>Itaque</strong></span> <span class='ocrx_word' id='word_1_43' title='bbox 1599 953 1728 1005; x_wconf 87' lang='lat' dir='ltr'><strong>earum</strong></span> <span class='ocrx_word' id='word_1_44' title='bbox 1758 916 1882 1004; x_wconf 86' lang='lat' dir='ltr'><strong>rerum</strong></span> <span class='ocrx_word' id='word_1_45' title='bbox 1910 926 1977 1001; x_wconf 88' lang='lat' dir='ltr'><strong>hic</strong></span> <span class='ocrx_word' id='word_1_46' title='bbox 2006 941 2068 1003; x_wconf 70' lang='lat' dir='ltr'><strong>te-</strong></span> 
     </span>
    </p>
   </div>
   <div class='ocr_carea' id='block_1_3' title="bbox 233 1062 2067 1171">
    <p class='ocr_par' dir='ltr' id='par_1_3' title="bbox 233 1062 2067 1171">
     <span class='ocr_line' id='line_1_6' title="bbox 233 1062 2067 1171; baseline -0.004 -26"><span class='ocrx_word' id='word_1_47' title='bbox 233 1166 235 1171; x_wconf 23' lang='lat'>·</span> <span class='ocrx_word' id='word_1_48' title='bbox 361 1085 472 1155; x_wconf 85' lang='lat' dir='ltr'><strong>uetur</strong></span> <span class='ocrx_word' id='word_1_49' title='bbox 498 1095 518 1141; x_wconf 93' lang='lat' dir='ltr'><strong>a</strong></span> <span class='ocrx_word' id='word_1_50' title='bbox 541 1068 712 1168; x_wconf 81' lang='lat' dir='ltr'><strong>sapiente</strong></span> <span class='ocrx_word' id='word_1_51' title='bbox 737 1067 926 1154; x_wconf 86' lang='lat' dir='ltr'><strong>delectus,</strong></span> <span class='ocrx_word' id='word_1_52' title='bbox 954 1080 1012 1142; x_wconf 85' lang='lat' dir='ltr'><strong>-ut</strong></span> <span class='ocrx_word' id='word_1_53' title='bbox 1038 1081 1104 1140; x_wconf 89' lang='lat' dir='ltr'><strong>aut</strong></span> <span class='ocrx_word' id='word_1_54' title='bbox 1128 1065 1345 1165; x_wconf 80' lang='lat' dir='ltr'><strong>rejiciendis</strong></span> <span class='ocrx_word' id='word_1_55' title='bbox 1374 1063 1633 1164; x_wconf 83' lang='lat' dir='ltr'><strong>voluptatibus</strong></span> <span class='ocrx_word' id='word_1_56' title='bbox 1660 1062 1822 1165; x_wconf 87' lang='lat' dir='ltr'><strong>majores</strong></span> <span class='ocrx_word' id='word_1_57' title='bbox 1848 1062 1941 1137; x_wconf 90' lang='lat' dir='ltr'><strong>alias</strong></span> <span class='ocrx_word' id='word_1_58' title='bbox 1968 1084 2067 1137; x_wconf 90' lang='lat' dir='ltr'><strong>cou-</strong></span> 
     </span>
    </p>
   </div>
   <div class='ocr_carea' id='block_1_4' title="bbox 241 1196 2151 3194">
    <p class='ocr_par' dir='ltr' id='par_1_4' title="bbox 357 1196 2151 2249">
     <span class='ocr_line' id='line_1_7' title="bbox 359 1196 2115 1309; baseline -0.01 -29"><span class='ocrx_word' id='word_1_59' title='bbox 359 1219 556 1307; x_wconf 82' lang='lat' dir='ltr'><strong>sequatur‚</strong></span> <span class='ocrx_word' id='word_1_60' title='bbox 592 1217 656 1276; x_wconf 88' lang='lat' dir='ltr'><strong>aut</strong></span> <span class='ocrx_word' id='word_1_61' title='bbox 672 1200 907 1309; x_wconf 78' lang='lat' dir='ltr'><strong>perferendis</strong></span> <span class='ocrx_word' id='word_1_62' title='bbox 927 1200 1123 1276; x_wconf 86' lang='lat' dir='ltr'><strong>doloribus</strong></span> <span class='ocrx_word' id='word_1_63' title='bbox 1144 1200 1353 1303; x_wconf 88' lang='lat' dir='ltr'><strong>asperiores</strong></span> <span class='ocrx_word' id='word_1_64' title='bbox 1375 1197 1576 1305; x_wconf 88' lang='lat' dir='ltr'><strong>repellat.“</strong></span> <span class='ocrx_word' id='word_1_65' title='bbox 1629 1197 1761 1273; x_wconf 81' lang='lat' dir='ltr'><strong>Liceat</strong></span> <span class='ocrx_word' id='word_1_66' title='bbox 1779 1196 1888 1273; x_wconf 87' lang='lat' dir='ltr'><strong>uobis</strong></span> <span class='ocrx_word' id='word_1_67' title='bbox 1908 1196 2065 1286; x_wconf 81' lang='lat' dir='ltr'><strong>afferre,</strong></span> <span class='ocrx_word' id='word_1_68' title='bbox 2112 1258 2115 1263; x_wconf 90' lang='lat'>.</span> 
     </span>
     <span class='ocr_line' id='line_1_8' title="bbox 360 1331 2151 1457; baseline -0.003 -43"><span class='ocrx_word' id='word_1_69' title='bbox 360 1340 463 1442; x_wconf 92' lang='lat' dir='ltr'><strong>quod</strong></span> <span class='ocrx_word' id='word_1_70' title='bbox 489 1339 570 1438; x_wconf 91' lang='lat' dir='ltr'><strong>ipse</strong></span> <span class='ocrx_word' id='word_1_71' title='bbox 597 1336 734 1413; x_wconf 87' lang='lat' dir='ltr'><strong>Cicero</strong></span> <span class='ocrx_word' id='word_1_72' title='bbox 761 1336 957 1437; x_wconf 90' lang='lat' dir='ltr'><strong>respondit</strong></span> <span class='ocrx_word' id='word_1_73' title='bbox 980 1339 1192 1436; x_wconf 86' lang='lat' dir='ltr'><strong>Torquato:</strong></span> <span class='ocrx_word' id='word_1_74' title='bbox 1223 1333 1346 1424; x_wconf 89' lang='lat' dir='ltr'><strong>„nihil</strong></span> <span class='ocrx_word' id='word_1_75' title='bbox 1372 1348 1448 1407; x_wconf 87' lang='lat' dir='ltr'><strong>tam</strong></span> <span class='ocrx_word' id='word_1_76' title='bbox 1475 1348 1588 1436; x_wconf 85' lang='lat' dir='ltr'><strong>turpe</strong></span> <span class='ocrx_word' id='word_1_77' title='bbox 1613 1348 1688 1424; x_wconf 90' lang='lat' dir='ltr'><strong>est,</strong></span> <span class='ocrx_word' id='word_1_78' title='bbox 1721 1332 1823 1435; x_wconf 93' lang='lat' dir='ltr'><strong>quod</strong></span> <span class='ocrx_word' id='word_1_79' title='bbox 1848 1331 2066 1433; x_wconf 86' lang='lat' dir='ltr'><strong>voluptatis</strong></span> <span class='ocrx_word' id='word_1_80' title='bbox 2095 1444 2101 1457; x_wconf 31' lang='lat'>¹</span> <span class='ocrx_word' id='word_1_81' title='bbox 2146 1408 2151 1417; x_wconf 83' lang='grc'>,</span> 
     </span>
     <span class='ocr_line' id='line_1_9' title="bbox 360 1464 2066 1569; baseline -0.002 -19"><span class='ocrx_word' id='word_1_82' title='bbox 360 1500 489 1551; x_wconf 85' lang='lat' dir='ltr'><strong>caussa</strong></span> <span class='ocrx_word' id='word_1_83' title='bbox 516 1473 588 1547; x_wconf 91' lang='lat' dir='ltr'><strong>iste</strong></span> <span class='ocrx_word' id='word_1_84' title='bbox 623 1497 700 1545; x_wconf 91' lang='lat' dir='ltr'><strong>non</strong></span> <span class='ocrx_word' id='word_1_85' title='bbox 735 1471 907 1547; x_wconf 85' lang='lat' dir='ltr'><strong>videatur</strong></span> <span class='ocrx_word' id='word_1_86' title='bbox 938 1497 1021 1567; x_wconf 84' lang='lat' dir='ltr'><strong>esse</strong></span> <span class='ocrx_word' id='word_1_87' title='bbox 1054 1469 1273 1558; x_wconf 82' lang='lat' dir='ltr'><strong>facturus,“</strong></span> <span class='ocrx_word' id='word_1_88' title='bbox 1305 1467 1510 1543; x_wconf 91' lang='lat' dir='ltr'><strong>dummodo</strong></span> <span class='ocrx_word' id='word_1_89' title='bbox 1542 1468 1689 1569; x_wconf 87' lang='lat' dir='ltr'><strong>judices</strong></span> <span class='ocrx_word' id='word_1_90' title='bbox 1714 1469 1854 1545; x_wconf 89' lang='lat' dir='ltr'><strong>callide</strong></span> <span class='ocrx_word' id='word_1_91' title='bbox 1881 1464 1995 1544; x_wconf 80' lang='lat' dir='ltr'><strong>sallat</strong></span> <span class='ocrx_word' id='word_1_92' title='bbox 2024 1484 2066 1546; x_wconf 86' lang='lat' dir='ltr'><strong>et</strong></span> 
     </span>
     <span class='ocr_line' id='line_1_10' title="bbox 359 1602 2133 1710; baseline -0.003 -24"><span class='ocrx_word' id='word_1_93' title='bbox 359 1602 431 1686; x_wconf 75' lang='lat' dir='ltr'><strong>iiri</strong></span> <span class='ocrx_word' id='word_1_94' title='bbox 460 1607 569 1710; x_wconf 85' lang='lat' dir='ltr'><strong>probi</strong></span> <span class='ocrx_word' id='word_1_95' title='bbox 596 1606 761 1708; x_wconf 87' lang='lat' dir='ltr'><strong>speciem</strong></span> <span class='ocrx_word' id='word_1_96' title='bbox 789 1631 880 1706; x_wconf 89' lang='lat' dir='ltr'><strong>prae</strong></span> <span class='ocrx_word' id='word_1_97' title='bbox 906 1630 945 1680; x_wconf 92' lang='lat' dir='ltr'><strong>se</strong></span> <span class='ocrx_word' id='word_1_98' title='bbox 971 1604 1078 1680; x_wconf 86' lang='lat' dir='ltr'><strong>ferat.</strong></span> <span class='ocrx_word' id='word_1_99' title='bbox 1133 1605 1231 1681; x_wconf 91' lang='lat' dir='ltr'><strong>Num</strong></span> <span class='ocrx_word' id='word_1_100' title='bbox 1252 1603 1375 1680; x_wconf 91' lang='lat' dir='ltr'><strong>adhuc</strong></span> <span class='ocrx_word' id='word_1_101' title='bbox 1396 1602 1626 1692; x_wconf 87' lang='lat' dir='ltr'><strong>dubitamus,</strong></span> <span class='ocrx_word' id='word_1_102' title='bbox 1660 1604 1753 1706; x_wconf 90' lang='lat' dir='ltr'><strong>quiu</strong></span> <span class='ocrx_word' id='word_1_103' title='bbox 1772 1605 1857 1692; x_wconf 89' lang='lat' dir='ltr'><strong>ille,</strong></span> <span class='ocrx_word' id='word_1_104' title='bbox 1885 1621 1929 1680; x_wconf 93' lang='lat' dir='ltr'><strong>ut</strong></span> <span class='ocrx_word' id='word_1_105' title='bbox 1953 1604 2065 1704; x_wconf 88' lang='lat' dir='ltr'><strong>judi·</strong></span> <span class='ocrx_word' id='word_1_106' title='bbox 2127 1608 2133 1625; x_wconf 87' lang='lat'>&#39;</span> 
     </span>
     <span class='ocr_line' id='line_1_11' title="bbox 357 1737 2065 1844; baseline -0.002 -24"><span class='ocrx_word' id='word_1_107' title='bbox 357 1771 422 1820; x_wconf 89' lang='lat' dir='ltr'><strong>ces</strong></span> <span class='ocrx_word' id='word_1_108' title='bbox 446 1744 589 1829; x_wconf 92' lang='lat' dir='ltr'><strong>eludat,</strong></span> <span class='ocrx_word' id='word_1_109' title='bbox 618 1741 764 1814; x_wconf 89' lang='lat' dir='ltr'><strong>ratione</strong></span> <span class='ocrx_word' id='word_1_110' title='bbox 784 1766 911 1816; x_wconf 84' lang='lat' dir='ltr'><strong>curere</strong></span> <span class='ocrx_word' id='word_1_111' title='bbox 933 1764 1009 1816; x_wconf 91' lang='lat' dir='ltr'><strong>non</strong></span> <span class='ocrx_word' id='word_1_112' title='bbox 1035 1740 1183 1844; x_wconf 87' lang='lat' dir='ltr'><strong>possit?</strong></span> <span class='ocrx_word' id='word_1_113' title='bbox 1237 1739 1322 1837; x_wconf 90' lang='lat' dir='ltr'><strong>Qua</strong></span> <span class='ocrx_word' id='word_1_114' title='bbox 1348 1737 1396 1814; x_wconf 93' lang='lat' dir='ltr'><strong>de</strong></span> <span class='ocrx_word' id='word_1_115' title='bbox 1423 1764 1551 1816; x_wconf 88' lang='lat' dir='ltr'><strong>caussa</strong></span> <span class='ocrx_word' id='word_1_116' title='bbox 1579 1740 1728 1816; x_wconf 91' lang='lat' dir='ltr'><strong>laudem</strong></span> <span class='ocrx_word' id='word_1_117' title='bbox 1747 1741 1887 1815; x_wconf 89' lang='lat' dir='ltr'><strong>meruit</strong></span> <span class='ocrx_word' id='word_1_118' title='bbox 1906 1740 2065 1832; x_wconf 87' lang='lat' dir='ltr'><strong>Noster,</strong></span> 
     </span>
     <span class='ocr_line' id='line_1_12' title="bbox 359 1874 2132 1980; baseline -0.002 -26"><span class='ocrx_word' id='word_1_119' title='bbox 359 1879 461 1980; x_wconf 92' lang='lat' dir='ltr'><strong>quod</strong></span> <span class='ocrx_word' id='word_1_120' title='bbox 487 1878 589 1952; x_wconf 87' lang='lat' dir='ltr'><strong>hono</strong></span> <span class='ocrx_word' id='word_1_121' title='bbox 615 1876 788 1976; x_wconf 91' lang='lat' dir='ltr'><strong>beneque</strong></span> <span class='ocrx_word' id='word_1_122' title='bbox 814 1876 974 1951; x_wconf 88' lang='lat' dir='ltr'><strong>educato</strong></span> <span class='ocrx_word' id='word_1_123' title='bbox 1002 1876 1083 1952; x_wconf 84' lang='lat' dir='ltr'><strong>viro</strong></span> <span class='ocrx_word' id='word_1_124' title='bbox 1110 1874 1294 1976; x_wconf 86' lang='lat' dir='ltr'><strong>judicium</strong></span> <span class='ocrx_word' id='word_1_125' title='bbox 1319 1876 1368 1951; x_wconf 93' lang='lat' dir='ltr'><strong>de</strong></span> <span class='ocrx_word' id='word_1_126' title='bbox 1395 1890 1548 1950; x_wconf 82' lang='lat' dir='ltr'><strong>naturae</strong></span> <span class='ocrx_word' id='word_1_127' title='bbox 1573 1874 1768 1951; x_wconf 88' lang='lat' dir='ltr'><strong>desideriis</strong></span> <span class='ocrx_word' id='word_1_128' title='bbox 1796 1875 1991 1966; x_wconf 88' lang='lat' dir='ltr'><strong>finiendis,</strong></span> <span class='ocrx_word' id='word_1_129' title='bbox 2021 1876 2065 1951; x_wconf 90' lang='lat' dir='ltr'><strong>id</strong></span> <span class='ocrx_word' id='word_1_130' title='bbox 2128 1889 2132 1894; x_wconf 82' lang='lat'><em>&#39;</em></span> 
     </span>
     <span class='ocr_line' id='line_1_13' title="bbox 357 1979 2065 2099; baseline -0.001 -12"><span class='ocrx_word' id='word_1_131' title='bbox 357 2029 418 2088; x_wconf 91' lang='lat' dir='ltr'><strong>est</strong></span> <span class='ocrx_word' id='word_1_132' title='bbox 443 2013 490 2087; x_wconf 86' lang='lat' dir='ltr'><strong>de</strong></span> <span class='ocrx_word' id='word_1_133' title='bbox 515 1979 719 2087; x_wconf 84' lang='lat' dir='ltr'><strong>virtutibus</strong></span> <span class='ocrx_word' id='word_1_134' title='bbox 745 2010 936 2099; x_wconf 88' lang='lat' dir='ltr'><strong>tribuens,</strong></span> <span class='ocrx_word' id='word_1_135' title='bbox 971 2011 1128 2085; x_wconf 89' lang='lat' dir='ltr'><strong>rationis</strong></span> <span class='ocrx_word' id='word_1_136' title='bbox 1155 2036 1264 2086; x_wconf 87' lang='lat' dir='ltr'><strong>usum</strong></span> <span class='ocrx_word' id='word_1_137' title='bbox 1292 2012 1506 2086; x_wconf 86' lang='lat' dir='ltr'><strong>accuratius</strong></span> <span class='ocrx_word' id='word_1_138' title='bbox 1525 2009 1739 2086; x_wconf 87' lang='lat' dir='ltr'><strong>describere</strong></span> <span class='ocrx_word' id='word_1_139' title='bbox 1761 2010 1931 2086; x_wconf 83' lang='lat' dir='ltr'><strong>conatur.</strong></span> <span class='ocrx_word' id='word_1_140' title='bbox 1988 2011 2065 2089; x_wconf 87' lang='lat' dir='ltr'><strong>Vir</strong></span> 
     </span>
     <span class='ocr_line' id='line_1_14' title="bbox 357 2126 1672 2249; baseline -0.005 -26"><span class='ocrx_word' id='word_1_141' title='bbox 357 2149 479 2223; x_wconf 88' lang='lat' dir='ltr'><strong>bouus</strong></span> <span class='ocrx_word' id='word_1_142' title='bbox 506 2148 607 2222; x_wconf 90' lang='lat' dir='ltr'><strong>euim</strong></span> <span class='ocrx_word' id='word_1_143' title='bbox 633 2172 783 2249; x_wconf 87' lang='lat' dir='ltr'><strong>semper</strong></span> <span class='ocrx_word' id='word_1_144' title='bbox 807 2144 949 2220; x_wconf 80' lang='lat' dir='ltr'><strong>virtuti·</strong></span> <span class='ocrx_word' id='word_1_145' title='bbox 968 2146 1130 2245; x_wconf 90' lang='lat' dir='ltr'><strong>palmam</strong></span> <span class='ocrx_word' id='word_1_146' title='bbox 1155 2144 1312 2223; x_wconf 86' lang='lat' dir='ltr'><strong>deleret.</strong></span> <span class='ocrx_word' id='word_1_147' title='bbox 1666 2126 1672 2135; x_wconf 48' lang='lat'>⁵</span> 
     </span>
    </p>

    <p class='ocr_par' dir='ltr' id='par_1_5' title="bbox 357 2279 2063 2791">
     <span class='ocr_line' id='line_1_15' title="bbox 460 2279 2063 2382; baseline -0.002 -21"><span class='ocrx_word' id='word_1_148' title='bbox 460 2281 499 2376; x_wconf 64' lang='grc' dir='ltr'><strong>ἓ.</strong></span> <span class='ocrx_word' id='word_1_149' title='bbox 528 2290 590 2361; x_wconf 86' lang='grc'><strong>41.</strong></span> <span class='ocrx_word' id='word_1_150' title='bbox 644 2279 902 2382; x_wconf 86' lang='lat' dir='ltr'><strong>Aproposito</strong></span> <span class='ocrx_word' id='word_1_151' title='bbox 934 2293 1164 2355; x_wconf 86' lang='lat' dir='ltr'><strong>tamennon</strong></span> <span class='ocrx_word' id='word_1_152' title='bbox 1194 2280 1555 2368; x_wconf 81' lang='lat' dir='ltr'><strong>alienumvidetur,</strong></span> <span class='ocrx_word' id='word_1_153' title='bbox 1584 2281 1803 2382; x_wconf 82' lang='lat' dir='ltr'><strong>inquirere,</strong></span> <span class='ocrx_word' id='word_1_154' title='bbox 1844 2306 2063 2382; x_wconf 90' lang='lat' dir='ltr'><strong>perquem</strong></span> 
     </span>
     <span class='ocr_line' id='line_1_16' title="bbox 358 2399 2060 2519; baseline 0.001 -28"><span class='ocrx_word' id='word_1_155' title='bbox 358 2432 398 2491; x_wconf 88' lang='lat' dir='ltr'><strong>et</strong></span> <span class='ocrx_word' id='word_1_156' title='bbox 428 2443 503 2518; x_wconf 92' lang='lat' dir='ltr'><strong>qua</strong></span> <span class='ocrx_word' id='word_1_157' title='bbox 538 2399 615 2503; x_wconf 76' lang='lat' dir='ltr'><strong>aia,</strong></span> <span class='ocrx_word' id='word_1_158' title='bbox 654 2415 736 2515; x_wconf 82' lang='lat' dir='ltr'><strong>ipse</strong></span> <span class='ocrx_word' id='word_1_159' title='bbox 769 2414 866 2490; x_wconf 86' lang='lat' dir='ltr'><strong>bena</strong></span> <span class='ocrx_word' id='word_1_160' title='bbox 900 2431 1065 2491; x_wconf 85' lang='lat' dir='ltr'><strong>moratus</strong></span> <span class='ocrx_word' id='word_1_161' title='bbox 1099 2414 1231 2490; x_wconf 80' lang='lat' dir='ltr'><strong>oificii‘</strong></span> <span class='ocrx_word' id='word_1_162' title='bbox 1254 2431 1454 2519; x_wconf 89' lang='lat' dir='ltr'><strong>praecepta</strong></span> <span class='ocrx_word' id='word_1_163' title='bbox 1486 2416 1677 2492; x_wconf 88' lang='lat' dir='ltr'><strong>doceatur.</strong></span> <span class='ocrx_word' id='word_1_164' title='bbox 1752 2416 1784 2491; x_wconf 87' lang='lat' dir='ltr'>E</span> <span class='ocrx_word' id='word_1_165' title='bbox 1815 2430 1895 2491; x_wconf 86' lang='lat' dir='ltr'><strong>tota</strong></span> <span class='ocrx_word' id='word_1_166' title='bbox 1923 2417 2060 2492; x_wconf 86' lang='lat' dir='ltr'><strong>Nostri</strong></span> 
     </span>
     <span class='ocr_line' id='line_1_17' title="bbox 358 2549 2063 2654; baseline 0.004 -31"><span class='ocrx_word' id='word_1_167' title='bbox 358 2550 623 2650; x_wconf 89' lang='lat' dir='ltr'><strong>disquisitione</strong></span> <span class='ocrx_word' id='word_1_168' title='bbox 654 2564 827 2650; x_wconf 88' lang='lat' dir='ltr'><strong>apparet,</strong></span> <span class='ocrx_word' id='word_1_169' title='bbox 868 2549 1012 2625; x_wconf 90' lang='lat' dir='ltr'><strong>nullius</strong></span> <span class='ocrx_word' id='word_1_170' title='bbox 1044 2550 1100 2629; x_wconf 90' lang='lat' dir='ltr'><strong>rei</strong></span> <span class='ocrx_word' id='word_1_171' title='bbox 1135 2549 1209 2626; x_wconf 91' lang='lat' dir='ltr'><strong>uisi</strong></span> <span class='ocrx_word' id='word_1_172' title='bbox 1244 2551 1380 2627; x_wconf 86' lang='lat' dir='ltr'><strong>mentis</strong></span> <span class='ocrx_word' id='word_1_173' title='bbox 1407 2577 1493 2654; x_wconf 85' lang='lat' dir='ltr'><strong>ope.</strong></span> <span class='ocrx_word' id='word_1_174' title='bbox 1559 2552 1758 2628; x_wconf 86' lang='lat' dir='ltr'><strong>Avirtute</strong></span> <span class='ocrx_word' id='word_1_175' title='bbox 1784 2551 1886 2645; x_wconf 89' lang='lat' dir='ltr'><strong>enim</strong></span> <span class='ocrx_word' id='word_1_176' title='bbox 1911 2553 2063 2652; x_wconf 87' lang='lat' dir='ltr'><strong>pendet</strong></span> 
     </span>
     <span class='ocr_line' id='line_1_18' title="bbox 357 2684 2062 2791; baseline 0.005 -34"><span class='ocrx_word' id='word_1_177' title='bbox 357 2684 555 2791; x_wconf 81' lang='lat' dir='ltr'><strong>felicitas,</strong></span> <span class='ocrx_word' id='word_1_178' title='bbox 572 2684 692 2760; x_wconf 87' lang='lat' dir='ltr'><strong>virtus</strong></span> <span class='ocrx_word' id='word_1_179' title='bbox 719 2699 846 2759; x_wconf 91' lang='lat' dir='ltr'><strong>autem</strong></span> <span class='ocrx_word' id='word_1_180' title='bbox 868 2698 929 2758; x_wconf 91' lang='lat' dir='ltr'><strong>est</strong></span> <span class='ocrx_word' id='word_1_181' title='bbox 954 2685 1135 2762; x_wconf 84' lang='lat' dir='ltr'><strong>medietas</strong></span> <span class='ocrx_word' id='word_1_182' title='bbox 1163 2686 1345 2786; x_wconf 90' lang='lat' dir='ltr'><strong>quaedam</strong></span> <span class='ocrx_word' id='word_1_183' title='bbox 1371 2686 1605 2775; x_wconf 76' lang='lat' dir='ltr'><strong>inservitis,</strong></span> <span class='ocrx_word' id='word_1_184' title='bbox 1632 2713 1729 2788; x_wconf 87' lang='lat' dir='ltr'><strong>quae</strong></span> <span class='ocrx_word' id='word_1_185' title='bbox 1757 2701 1884 2763; x_wconf 82' lang='lat' dir='ltr'><strong>tamen</strong></span> <span class='ocrx_word' id='word_1_186' title='bbox 1909 2689 2062 2766; x_wconf 86' lang='lat' dir='ltr'><strong>medie·</strong></span> 
     </span>
    </p>

    <p class='ocr_par' dir='ltr' id='par_1_6' title="bbox 241 2819 2136 3194">
     <span class='ocr_line' id='line_1_19' title="bbox 356 2819 2136 2918; baseline 0.003 -24"><span class='ocrx_word' id='word_1_187' title='bbox 356 2835 413 2894; x_wconf 90' lang='lat' dir='ltr'><strong>tas</strong></span> <span class='ocrx_word' id='word_1_188' title='bbox 441 2820 587 2895; x_wconf 86' lang='lat' dir='ltr'><strong>ratione</strong></span> <span class='ocrx_word' id='word_1_189' title='bbox 613 2835 714 2897; x_wconf 88' lang='lat' dir='ltr'><strong>recta</strong></span> <span class='ocrx_word' id='word_1_190' title='bbox 741 2819 930 2895; x_wconf 89' lang='lat' dir='ltr'><strong>definitur.</strong></span> <span class='ocrx_word' id='word_1_191' title='bbox 956 2820 992 2918; x_wconf 87' lang='lat'><strong>¹)</strong></span> <span class='ocrx_word' id='word_1_192' title='bbox 1058 2820 1188 2896; x_wconf 90' lang='lat' dir='ltr'><strong>Virtus</strong></span> <span class='ocrx_word' id='word_1_193' title='bbox 1215 2819 1340 2896; x_wconf 88' lang='lat' dir='ltr'><strong>ethica</strong></span> <span class='ocrx_word' id='word_1_194' title='bbox 1366 2821 1407 2896; x_wconf 93' lang='lat' dir='ltr'><strong>iu</strong></span> <span class='ocrx_word' id='word_1_195' title='bbox 1432 2822 1584 2898; x_wconf 89' lang='lat' dir='ltr'><strong>actione</strong></span> <span class='ocrx_word' id='word_1_196' title='bbox 1610 2822 1762 2911; x_wconf 91' lang='lat' dir='ltr'><strong>nititur,</strong></span> <span class='ocrx_word' id='word_1_197' title='bbox 1796 2821 1958 2898; x_wconf 88' lang='lat' dir='ltr'><strong>actionis</strong></span> <span class='ocrx_word' id='word_1_198' title='bbox 1987 2849 2061 2899; x_wconf 89' lang='lat' dir='ltr'><strong>au·</strong></span> <span class='ocrx_word' id='word_1_199' title='bbox 2133 2873 2136 2876; x_wconf 15' lang='grc' dir='ltr'><strong>Δ</strong></span> 
     </span>
     <span class='ocr_line' id='line_1_20' title="bbox 241 2929 2099 3055; baseline 0.003 -26"><span class='ocrx_word' id='word_1_200' title='bbox 241 2929 245 2937; x_wconf 43' lang='grc'><em>’</em></span> <span class='ocrx_word' id='word_1_201' title='bbox 355 2969 433 3029; x_wconf 90' lang='lat' dir='ltr'><strong>tem</strong></span> <span class='ocrx_word' id='word_1_202' title='bbox 461 2954 612 3029; x_wconf 89' lang='lat' dir='ltr'><strong>initium</strong></span> <span class='ocrx_word' id='word_1_203' title='bbox 639 2968 697 3028; x_wconf 89' lang='lat' dir='ltr'><strong>est</strong></span> <span class='ocrx_word' id='word_1_204' title='bbox 722 2953 948 3029; x_wconf 86' lang='lat' dir='ltr'><strong>deliberatio</strong></span> <span class='ocrx_word' id='word_1_205' title='bbox 974 2969 1008 3029; x_wconf 83' lang='lat' dir='ltr'><strong>et</strong></span> <span class='ocrx_word' id='word_1_206' title='bbox 1039 2970 1191 3055; x_wconf 90' lang='lat' dir='ltr'><strong>captum</strong></span> <span class='ocrx_word' id='word_1_207' title='bbox 1217 2954 1307 3029; x_wconf 90' lang='lat' dir='ltr'><strong>inde</strong></span> <span class='ocrx_word' id='word_1_208' title='bbox 1333 2954 1545 3030; x_wconf 87' lang='lat' dir='ltr'><strong>consilium.</strong></span> <span class='ocrx_word' id='word_1_209' title='bbox 1573 2953 1608 3054; x_wconf 79' lang='lat'><strong>²)</strong></span> <span class='ocrx_word' id='word_1_210' title='bbox 1673 2960 1789 3033; x_wconf 88' lang='lat' dir='ltr'><strong>Recte</strong></span> <span class='ocrx_word' id='word_1_211' title='bbox 1815 2934 2099 3034; x_wconf 80' lang='lat' dir='ltr'><strong>deliberandi</strong></span> 
     </span>
     <span class='ocr_line' id='line_1_21' title="bbox 356 3081 2060 3194; baseline 0.005 -31"><span class='ocrx_word' id='word_1_212' title='bbox 356 3102 396 3164; x_wconf 89' lang='lat' dir='ltr'><strong>et</strong></span> <span class='ocrx_word' id='word_1_213' title='bbox 422 3088 571 3162; x_wconf 90' lang='lat' dir='ltr'><strong>consilii</strong></span> <span class='ocrx_word' id='word_1_214' title='bbox 599 3087 772 3189; x_wconf 91' lang='lat' dir='ltr'><strong>capiendi</strong></span> <span class='ocrx_word' id='word_1_215' title='bbox 800 3113 954 3171; x_wconf 83' lang='lat' dir='ltr'><strong>munere</strong></span> <span class='ocrx_word' id='word_1_216' title='bbox 980 3088 1039 3164; x_wconf 77' lang='lat' dir='ltr'><strong>vir</strong></span> <span class='ocrx_word' id='word_1_217' title='bbox 1064 3088 1264 3189; x_wconf 89' lang='lat' dir='ltr'><strong>prudentia</strong></span> <span class='ocrx_word' id='word_1_218' title='bbox 1290 3090 1482 3190; x_wconf 86' lang='lat' dir='ltr'><strong>praeditus</strong></span> <span class='ocrx_word' id='word_1_219' title='bbox 1496 3081 1647 3193; x_wconf 53' lang='lat' dir='ltr'><strong>&#39;optime</strong></span> <span class='ocrx_word' id='word_1_220' title='bbox 1666 3091 1848 3194; x_wconf 81' lang='lat' dir='ltr'><strong>iungitur.</strong></span> <span class='ocrx_word' id='word_1_221' title='bbox 1871 3087 1905 3192; x_wconf 83' lang='lat'><strong>³)</strong></span> <span class='ocrx_word' id='word_1_222' title='bbox 1960 3095 2060 3171; x_wconf 90' lang='lat' dir='ltr'><strong>Pru·</strong></span> 
     </span>
    </p>
   </div>
   <div class='ocr_carea' id='block_1_5' title="bbox 209 3221 2062 3331">
    <p class='ocr_par' dir='ltr' id='par_1_7' title="bbox 209 3211 2062 3331">
     <span class='ocr_line' id='line_1_22' title="bbox 209 3221 2062 3331; baseline 0.002 -31"><span class='ocrx_word' id='word_1_223' title='bbox 209 3221 211 3225; x_wconf 47' lang='lat'><em>⁷</em></span> <span class='ocrx_word' id='word_1_224' title='bbox 313 3260 315 3264; x_wconf 94' lang='lat'>·</span> <span class='ocrx_word' id='word_1_225' title='bbox 356 3223 521 3301; x_wconf 85' lang='lat' dir='ltr'><strong>dentiam</strong></span> <span class='ocrx_word' id='word_1_226' title='bbox 548 3224 775 3331; x_wconf 78' lang='grc' dir='ltr'>(φρόνησιν)</span> <span class='ocrx_word' id='word_1_227' title='bbox 802 3222 920 3323; x_wconf 79' lang='lat' dir='ltr'><strong>igitur</strong></span> <span class='ocrx_word' id='word_1_228' title='bbox 944 3223 1083 3300; x_wconf 85' lang='lat' dir='ltr'><strong>Noster</strong></span> <span class='ocrx_word' id='word_1_229' title='bbox 1112 3225 1282 3327; x_wconf 86' lang='lat' dir='ltr'><strong>appellat</strong></span> <span class='ocrx_word' id='word_1_230' title='bbox 1307 3250 1390 3301; x_wconf 91' lang='lat' dir='ltr'><strong>eam</strong></span> <span class='ocrx_word' id='word_1_231' title='bbox 1416 3225 1532 3300; x_wconf 87' lang='lat' dir='ltr'><strong>animi</strong></span> <span class='ocrx_word' id='word_1_232' title='bbox 1559 3226 1755 3317; x_wconf 87' lang='lat' dir='ltr'><strong>virtutem,</strong></span> <span class='ocrx_word' id='word_1_233' title='bbox 1795 3227 1962 3329; x_wconf 87' lang='lat' dir='ltr'><strong>quaein</strong></span> <span class='ocrx_word' id='word_1_234' title='bbox 1991 3255 2062 3304; x_wconf 88' lang='lat' dir='ltr'><strong>na·</strong></span> 
     </span>
    </p>
   </div>
   <div class='ocr_carea' id='block_1_6' title="bbox 356 3357 2061 3464">
    <p class='ocr_par' dir='ltr' id='par_1_8' title="bbox 356 3357 2061 3464">
     <span class='ocr_line' id='line_1_23' title="bbox 356 3357 2061 3464; baseline 0.006 -33"><span class='ocrx_word' id='word_1_235' title='bbox 356 3371 463 3433; x_wconf 87' lang='lat' dir='ltr'><strong>turae</strong></span> <span class='ocrx_word' id='word_1_236' title='bbox 489 3357 686 3433; x_wconf 90' lang='lat' dir='ltr'><strong>desideriis</strong></span> <span class='ocrx_word' id='word_1_237' title='bbox 712 3358 888 3435; x_wconf 89' lang='lat' dir='ltr'><strong>finiendis</strong></span> <span class='ocrx_word' id='word_1_238' title='bbox 916 3375 1103 3449; x_wconf 80' lang='lat' dir='ltr'><strong>versatur,</strong></span> <span class='ocrx_word' id='word_1_239' title='bbox 1143 3361 1191 3435; x_wconf 91' lang='lat' dir='ltr'><strong>de</strong></span> <span class='ocrx_word' id='word_1_240' title='bbox 1224 3385 1297 3462; x_wconf 92' lang='lat' dir='ltr'><strong>qua</strong></span> <span class='ocrx_word' id='word_1_241' title='bbox 1323 3375 1517 3464; x_wconf 88' lang='lat' dir='ltr'><strong>praeterea</strong></span> <span class='ocrx_word' id='word_1_242' title='bbox 1544 3363 1726 3439; x_wconf 87' lang='lat' dir='ltr'><strong>nonnulla</strong></span> <span class='ocrx_word' id='word_1_243' title='bbox 1757 3363 1803 3438; x_wconf 91' lang='lat' dir='ltr'><strong>ab</strong></span> <span class='ocrx_word' id='word_1_244' title='bbox 1830 3361 1897 3437; x_wconf 90' lang='lat' dir='ltr'><strong>illa</strong></span> <span class='ocrx_word' id='word_1_245' title='bbox 1922 3363 2061 3442; x_wconf 81' lang='lat' dir='ltr'><strong>officia</strong></span> 
     </span>
    </p>
   </div>
   <div class='ocr_carea' id='block_1_7' title="bbox 356 3493 2117 3610">
    <p class='ocr_par' dir='ltr' id='par_1_9' title="bbox 356 3493 2117 3610">
     <span class='ocr_line' id='line_1_24' title="bbox 356 3493 2117 3610; baseline 0.007 -45"><span class='ocrx_word' id='word_1_246' title='bbox 356 3493 618 3594; x_wconf 83' lang='lat' dir='ltr'><strong>promulgante</strong></span> <span class='ocrx_word' id='word_1_247' title='bbox 644 3493 792 3569; x_wconf 87' lang='lat' dir='ltr'><strong>ratione</strong></span> <span class='ocrx_word' id='word_1_248' title='bbox 814 3494 1070 3590; x_wconf 84' lang='lat' dir='ltr'><strong>recentiorum</strong></span> <span class='ocrx_word' id='word_1_249' title='bbox 1096 3520 1173 3571; x_wconf 91' lang='lat' dir='ltr'><strong>nou</strong></span> <span class='ocrx_word' id='word_1_250' title='bbox 1199 3494 1322 3582; x_wconf 87' lang='lat' dir='ltr'><strong>aliena</strong></span> <span class='ocrx_word' id='word_1_251' title='bbox 1342 3496 1540 3598; x_wconf 89' lang='lat' dir='ltr'><strong>praecipit.</strong></span> <span class='ocrx_word' id='word_1_252' title='bbox 1592 3499 1719 3574; x_wconf 89' lang='lat' dir='ltr'><strong>Decet</strong></span> <span class='ocrx_word' id='word_1_253' title='bbox 1739 3496 1859 3586; x_wconf 88' lang='lat' dir='ltr'><strong>enim,</strong></span> <span class='ocrx_word' id='word_1_254' title='bbox 1886 3500 2060 3599; x_wconf 89' lang='lat' dir='ltr'><strong>prudeu·</strong></span> <span class='ocrx_word' id='word_1_255' title='bbox 2110 3598 2117 3610; x_wconf 19' lang='grc' dir='ltr'>ἱ</span> 
     </span>
    </p>
   </div>
   <div class='ocr_carea' id='block_1_8' title="bbox 355 3751 642 3768">
    <p class='ocr_par' dir='ltr' id='par_1_10' title="bbox 355 3751 642 3768">
     <span class='ocr_line' id='line_1_25' title="bbox 355 3751 642 3768; baseline 0.014 -4"><span class='ocrx_word' id='word_1_256' title='bbox 355 3751 642 3768; x_wconf 43' lang='grc' dir='ltr'><strong>*ἡ*</strong></span> 
     </span>
    </p>
   </div>
   <div class='ocr_carea' id='block_1_9' title="bbox 375 3883 2111 4108">
    <p class='ocr_par' dir='ltr' id='par_1_11' title="bbox 375 3883 2111 4108">
     <span class='ocr_line' id='line_1_26' title="bbox 375 3883 2062 3994; baseline 0.007 -25"><span class='ocrx_word' id='word_1_257' title='bbox 375 3921 379 3928; x_wconf 74' lang='grc'><strong><em>’</em></strong></span> <span class='ocrx_word' id='word_1_258' title='bbox 416 3908 444 3985; x_wconf 81' lang='lat'><strong>¹)</strong></span> <span class='ocrx_word' id='word_1_259' title='bbox 488 3918 568 3971; x_wconf 71' lang='grc' dir='ltr'><strong>αι.</strong></span> <span class='ocrx_word' id='word_1_260' title='bbox 597 3919 638 3971; x_wconf 92' lang='lat'><strong>11.</strong></span> <span class='ocrx_word' id='word_1_261' title='bbox 668 3923 699 3976; x_wconf 54' lang='grc' dir='ltr'>ι</span> <span class='ocrx_word' id='word_1_262' title='bbox 727 3920 829 3978; x_wconf 60' lang='lat' dir='ltr'><strong>nas.</strong></span> <span class='ocrx_word' id='word_1_263' title='bbox 858 3936 888 3989; x_wconf 75' lang='lat' dir='ltr'><strong>p.</strong></span> <span class='ocrx_word' id='word_1_264' title='bbox 913 3890 1077 3977; x_wconf 60' lang='lat' dir='ltr'><strong>arosj-</strong></span> <span class='ocrx_word' id='word_1_265' title='bbox 1110 3918 1161 3973; x_wconf 83' lang='lat' dir='ltr'><strong>vt.</strong></span> <span class='ocrx_word' id='word_1_266' title='bbox 1193 3921 1222 3974; x_wconf 87' lang='lat'><strong>1.</strong></span> <span class='ocrx_word' id='word_1_267' title='bbox 1250 3935 1280 3989; x_wconf 75' lang='lat' dir='ltr'><strong>p.</strong></span> <span class='ocrx_word' id='word_1_268' title='bbox 1306 3883 1398 3978; x_wconf 74' lang='lat' dir='ltr'><strong>atas.</strong></span> <span class='ocrx_word' id='word_1_269' title='bbox 1428 3947 1472 3964; x_wconf 89' lang='lat'><em>-</em></span> <span class='ocrx_word' id='word_1_270' title='bbox 1503 3940 1533 3994; x_wconf 74' lang='lat' dir='ltr'><strong>p.</strong></span> <span class='ocrx_word' id='word_1_271' title='bbox 1559 3925 1652 3981; x_wconf 79' lang='lat' dir='ltr'><strong>arar.</strong></span> <span class='ocrx_word' id='word_1_272' title='bbox 1680 3922 1754 3993; x_wconf 75' lang='lat' dir='ltr'><strong>amp.</strong></span> <span class='ocrx_word' id='word_1_273' title='bbox 1780 3938 1809 3975; x_wconf 70' lang='lat' dir='ltr'><strong>v.</strong></span> <span class='ocrx_word' id='word_1_274' title='bbox 1832 3921 1885 3979; x_wconf 84' lang='lat' dir='ltr'><strong>aa.</strong></span> <span class='ocrx_word' id='word_1_275' title='bbox 1918 3920 1966 3978; x_wconf 70' lang='lat' dir='ltr'><strong>ast</strong></span> <span class='ocrx_word' id='word_1_276' title='bbox 1995 3918 2062 3981; x_wconf 72' lang='lat' dir='ltr'><strong>ote</strong></span> 
     </span>
     <span class='ocr_line' id='line_1_27' title="bbox 483 4011 2111 4108; baseline 0.003 -36"><span class='ocrx_word' id='word_1_277' title='bbox 483 4011 556 4072; x_wconf 71' lang='grc' dir='ltr'><strong>ἄνευ</strong></span> <span class='ocrx_word' id='word_1_278' title='bbox 575 4017 644 4084; x_wconf 75' lang='lat' dir='ltr'><strong>sori,</strong></span> <span class='ocrx_word' id='word_1_279' title='bbox 669 4013 743 4071; x_wconf 75' lang='grc' dir='ltr'><strong><em>ἐστὶν</em></strong></span> <span class='ocrx_word' id='word_1_280' title='bbox 764 4013 782 4087; x_wconf 70' lang='grc' dir='ltr'><strong>ἡ</strong></span> <span class='ocrx_word' id='word_1_281' title='bbox 804 4019 980 4087; x_wconf 68' lang='lat' dir='ltr'><strong>apocletos,</strong></span> <span class='ocrx_word' id='word_1_282' title='bbox 1017 4028 1047 4073; x_wconf 84' lang='lat' dir='ltr'><strong>at</strong></span> <span class='ocrx_word' id='word_1_283' title='bbox 1067 4028 1095 4072; x_wconf 68' lang='lat' dir='ltr'><strong>a.</strong></span> <span class='ocrx_word' id='word_1_284' title='bbox 1116 4018 1175 4077; x_wconf 78' lang='lat'><strong>24:</strong></span> <span class='ocrx_word' id='word_1_285' title='bbox 1202 4017 1250 4074; x_wconf 80' lang='grc' dir='ltr'><strong>δεῖ</strong></span> <span class='ocrx_word' id='word_1_286' title='bbox 1268 4017 1313 4073; x_wconf 76' lang='grc' dir='ltr'><strong>διὰ</strong></span> <span class='ocrx_word' id='word_1_287' title='bbox 1333 4021 1423 4075; x_wconf 77' lang='grc' dir='ltr'><strong><em>ταῦτα</em></strong></span> <span class='ocrx_word' id='word_1_288' title='bbox 1442 4018 1492 4077; x_wconf 74' lang='grc' dir='ltr'><strong>τόν</strong></span> <span class='ocrx_word' id='word_1_289' title='bbox 1511 4039 1541 4076; x_wconf 81' lang='lat' dir='ltr'><strong>sa</strong></span> <span class='ocrx_word' id='word_1_290' title='bbox 1563 4018 1644 4108; x_wconf 69' lang='lat' dir='ltr'><strong>ldyoa</strong></span> <span class='ocrx_word' id='word_1_291' title='bbox 1664 4019 1759 4092; x_wconf 70' lang='grc' dir='ltr'><strong><em>ἀληθῆ</em></strong></span> <span class='ocrx_word' id='word_1_292' title='bbox 1783 4016 1863 4076; x_wconf 64' lang='lat' dir='ltr'><strong>sluaa.</strong></span> <span class='ocrx_word' id='word_1_293' title='bbox 1967 4074 1971 4080; x_wconf 89' lang='grc'><strong><em>,</em></strong></span> <span class='ocrx_word' id='word_1_294' title='bbox 2076 4012 2111 4061; x_wconf 77' lang='grc'><strong>·’</strong></span> 
     </span>
    </p>
   </div>
   <div class='ocr_carea' id='block_1_10' title="bbox 417 4105 2076 4304">
    <p class='ocr_par' dir='ltr' id='par_1_12' title="bbox 417 4105 2076 4304">
     <span class='ocr_line' id='line_1_28' title="bbox 417 4105 2062 4214; baseline 0.005 -25"><span class='ocrx_word' id='word_1_295' title='bbox 417 4132 444 4206; x_wconf 78' lang='grc'><strong>’)</strong></span> <span class='ocrx_word' id='word_1_296' title='bbox 488 4138 520 4191; x_wconf 88' lang='lat' dir='ltr'><strong>C.</strong></span> <span class='ocrx_word' id='word_1_297' title='bbox 543 4139 566 4190; x_wconf 91' lang='lat' dir='ltr'><strong>l.</strong></span> <span class='ocrx_word' id='word_1_298' title='bbox 595 4137 643 4189; x_wconf 91' lang='lat' dir='ltr'><strong>v1.</strong></span> <span class='ocrx_word' id='word_1_299' title='bbox 672 4154 702 4207; x_wconf 90' lang='lat' dir='ltr'><strong>p.</strong></span> <span class='ocrx_word' id='word_1_300' title='bbox 728 4139 819 4195; x_wconf 76' lang='grc'><strong>1187.</strong></span> <span class='ocrx_word' id='word_1_301' title='bbox 847 4155 874 4191; x_wconf 81' lang='lat' dir='ltr'><strong>v.</strong></span> <span class='ocrx_word' id='word_1_302' title='bbox 898 4141 1044 4198; x_wconf 74' lang='lat'>81—88.</span> <span class='ocrx_word' id='word_1_303' title='bbox 1075 4128 1281 4208; x_wconf 59' lang='lat' dir='ltr'><strong>nodesut&#39;plv</strong></span> <span class='ocrx_word' id='word_1_304' title='bbox 1305 4128 1360 4194; x_wconf 75' lang='grc' dir='ltr'><strong>οὖν</strong></span> <span class='ocrx_word' id='word_1_305' title='bbox 1384 4137 1456 4210; x_wconf 70' lang='grc' dir='ltr'><strong>ἀρχὴ</strong></span> <span class='ocrx_word' id='word_1_306' title='bbox 1483 4143 1659 4210; x_wconf 62' lang='grc' dir='ltr'><strong>προαίρεσις,</strong></span> <span class='ocrx_word' id='word_1_307' title='bbox 1695 4134 1811 4210; x_wconf 66' lang='lat' dir='ltr'><strong>ddum}</strong></span> <span class='ocrx_word' id='word_1_308' title='bbox 1840 4105 1966 4214; x_wconf 52' lang='lat' dir='ltr'><strong>slvqots&#39;,</strong></span> <span class='ocrx_word' id='word_1_309' title='bbox 2000 4141 2062 4214; x_wconf 54' lang='grc' dir='ltr'><strong>ἄψ</strong></span> 
     </span>
     <span class='ocr_line' id='line_1_29' title="bbox 434 4226 2076 4304; baseline 0.005 -14"><span class='ocrx_word' id='word_1_310' title='bbox 434 4258 437 4265; x_wconf 91' lang='grc'><strong><em>·</em></strong></span> <span class='ocrx_word' id='word_1_311' title='bbox 481 4234 535 4304; x_wconf 72' lang='grc' dir='ltr'><strong>οὐχ</strong></span> <span class='ocrx_word' id='word_1_312' title='bbox 555 4226 591 4291; x_wconf 75' lang='grc' dir='ltr'><strong>οὗ</strong></span> <span class='ocrx_word' id='word_1_313' title='bbox 613 4233 705 4291; x_wconf 73' lang='grc' dir='ltr'><strong><em>ἕνεκα.</em></strong></span> <span class='ocrx_word' id='word_1_314' title='bbox 2072 4235 2076 4239; x_wconf 52' lang='grc'><strong>’</strong></span> 
     </span>
    </p>
   </div>
   <div class='ocr_carea' id='block_1_11' title="bbox 291 4338 2067 4526">
    <p class='ocr_par' dir='ltr' id='par_1_13' title="bbox 291 4338 2067 4526">
     <span class='ocr_line' id='line_1_30' title="bbox 291 4338 2067 4437; baseline 0.011 -33"><span class='ocrx_word' id='word_1_315' title='bbox 291 4354 305 4379; x_wconf 80' lang='lat'><em>⁰</em></span> <span class='ocrx_word' id='word_1_316' title='bbox 413 4344 440 4423; x_wconf 82' lang='lat'><strong>³)</strong></span> <span class='ocrx_word' id='word_1_317' title='bbox 484 4354 518 4407; x_wconf 90' lang='lat' dir='ltr'><strong>C.</strong></span> <span class='ocrx_word' id='word_1_318' title='bbox 542 4338 616 4423; x_wconf 52' lang='grc' dir='ltr'><strong>1.’ρ.</strong></span> <span class='ocrx_word' id='word_1_319' title='bbox 643 4353 734 4412; x_wconf 78' lang='lat'><strong>1140.</strong></span> <span class='ocrx_word' id='word_1_320' title='bbox 758 4370 787 4407; x_wconf 75' lang='lat' dir='ltr'><strong>v·</strong></span> <span class='ocrx_word' id='word_1_321' title='bbox 808 4353 958 4413; x_wconf 79' lang='lat'><strong>24-28.</strong></span> <span class='ocrx_word' id='word_1_322' title='bbox 993 4353 1126 4425; x_wconf 59' lang='lat' dir='ltr'><strong>donaldi</strong></span> <span class='ocrx_word' id='word_1_323' title='bbox 1154 4357 1299 4428; x_wconf 71' lang='grc' dir='ltr'><strong>φρονίμου</strong></span> <span class='ocrx_word' id='word_1_324' title='bbox 1320 4349 1396 4413; x_wconf 74' lang='grc' dir='ltr'><strong><em>εἷναι</em></strong></span> <span class='ocrx_word' id='word_1_325' title='bbox 1420 4354 1451 4413; x_wconf 75' lang='grc' dir='ltr'><strong>τὸ</strong></span> <span class='ocrx_word' id='word_1_326' title='bbox 1473 4353 1615 4414; x_wconf 69' lang='grc' dir='ltr'><strong>δύνασθαι</strong></span> <span class='ocrx_word' id='word_1_327' title='bbox 1640 4359 1728 4414; x_wconf 63' lang='lat' dir='ltr'><strong>mm</strong></span> <span class='ocrx_word' id='word_1_328' title='bbox 1752 4352 1970 4430; x_wconf 68' lang='grc' dir='ltr'><strong>βοολεῦσασθαι</strong></span> <span class='ocrx_word' id='word_1_329' title='bbox 1992 4366 2067 4437; x_wconf 67' lang='grc' dir='ltr'><strong>περὶ</strong></span> 
     </span>
     <span class='ocr_line' id='line_1_31' title="bbox 481 4449 2011 4526; baseline 0.003 -20"><span class='ocrx_word' id='word_1_330' title='bbox 481 4452 516 4507; x_wconf 73' lang='grc' dir='ltr'><strong>τὰ</strong></span> <span class='ocrx_word' id='word_1_331' title='bbox 537 4449 612 4526; x_wconf 71' lang='grc' dir='ltr'><strong>αὐτῷ</strong></span> <span class='ocrx_word' id='word_1_332' title='bbox 631 4450 727 4523; x_wconf 69' lang='grc' dir='ltr'><strong><em>ἀγαθὰ</em></strong></span> <span class='ocrx_word' id='word_1_333' title='bbox 747 4450 796 4508; x_wconf 73' lang='grc' dir='ltr'><strong>καὶ</strong></span> <span class='ocrx_word' id='word_1_334' title='bbox 816 4450 1004 4523; x_wconf 70' lang='grc' dir='ltr'><strong>συμφέροντα.</strong></span> <span class='ocrx_word' id='word_1_335' title='bbox 2007 4494 2011 4499; x_wconf 89' lang='lat'>-</span> 
     </span>
    </p>
   </div>
   <div class='ocr_carea' id='block_1_12' title="bbox 0 0 2172 5490">
    <p class='ocr_par' dir='ltr' id='par_1_14' title="bbox 0 0 2172 5490">
     <span class='ocr_line' id='line_1_32' title="bbox 0 0 2172 5490; baseline 0 4"><span class='ocrx_word' id='word_1_336' title='bbox 0 0 2172 5490; x_wconf 95' lang='lat' dir='ltr'><strong> </strong></span> 
     </span>
    </p>
   </div>
  </div>
 </body>
</html>
