4334 5490
836 380 988 394 ··--
1056 334 1111 419 12
1174 370 1326 403 -—-
1767 336 1785 371 ⁸

233 581 323 671 dere
356 576 632 680 voluptatibus,
672 602 720 653 ne
752 573 1007 653 ardentissimi
1045 575 1228 653 exsistant
1260 574 1559 676 impugnatores,
1596 592 1740 654 vereor.
1822 557 1943 674 Quid

233 716 394 804 Codrus,
423 714 593 789 dicerent
620 711 698 802 illi,
726 711 819 814 quid
845 711 1047 803 Leonidas,
1074 711 1187 786 Decii
1216 710 1474 814 permultique
1500 711 1584 801 alii,
1612 712 1679 813 qui
1700 712 1827 787 omnia
1848 698 1954 803 sus,'-'¹

181 909 185 916 .
231 850 362 940 vitam,
398 849 576 950 vitaeque
600 846 749 922 fructus
774 845 914 923 civium
941 848 1054 922 saluti
1081 847 1340 924 devovebant?
1395 846 1498 943 Quid
1524 848 1602 936 illi,
1630 846 1793 950 quipro
1818 848 1947 927 duci-¹·

231 987 317 1076 bus,
351 1011 421 1088 pro
448 982 596 1073 amicis,
629 1005 700 1086 pro
725 982 874 1071 liberis,
908 983 1144 1084 parentibus,
1183 982 1439 1087 proceritate
1464 982 1818 1081 etfidecruciatus
1844 982 1936 1062 lee-

228 1120 403 1208 dissimos
420 1134 656 1220 mortemque
671 1116 947 1194 acerbissimam
967 1119 1223 1221 oppetebant?
1274 1117 1432 1196 Nihilne
1450 1118 1625 1195 morituri
1647 1118 1941 1223 quaesiverunt,

232 1256 320 1346 nisi,
363 1271 406 1332 ut
435 1254 546 1330 beate
577 1259 771 1334 viverent?
821 1258 879 1331 An
909 1271 1036 1359 putas,
1076 1280 1226 1345 omnes,
1262 1254 1328 1357 qui
1357 1256 1403 1332 ad
1430 1254 1504 1332 sibi
1529 1255 1722 1332 carissima
1739 1256 1939 1335 servande

229 1392 331 1469 laeto
364 1378 489 1487 animo
523 1391 638 1470 vitam
672 1390 905 1492 abjicerent,
942 1390 1060 1466 vitam
1091 1391 1297 1467 coelestem
1324 1417 1512 1493 sperasse,
1553 1419 1670 1493 quum
1698 1406 1741 1469 tu
1768 1416 1818 1468 ne
1841 1390 1935 1495 ipse
2030 1488 2036 1501 ,

228 1516 381 1630 quidem
417 1526 563 1631 aliquid
597 1527 691 1603 certi
725 1528 773 1603 de
814 1523 929 1602 animi
961 1526 1246 1605 immortalitate
1279 1527 1453 1605 docuisse
1486 1527 1672 1606 videaris?
1722 1526 1932 1620 biotam,

228 1662 384 1740 fuerunt
410 1662 600 1753 homines,
641 1662 745 1765 iique
771 1662 1029 1739 honestissimi
1058 1677 1098 1740 et
1123 1663 1235 1739 laude
1260 1662 1414 1740 virtutis
1439 1661 1668 1765 dignissimi,
1710 1664 1776 1766 qui
1801 1663 1935 1766 majus

227 1813 267 1897 et
293 1797 407 1874 altius
435 1797 614 1901 quiddam
640 1799 878 1901 spectabant,
913 1827 1025 1902 quam
1051 1799 1224 1902 corporis
1250 1816 1316 1877 aut
1340 1799 1457 1876 animi
1483 1800 1717 1904 voluptates,
1749 1798 1933 1904 qui‘ipsa

226 1933 386 2024 virtute,
421 1935 525 2011 nulla
552 1933 718 2012 utilitate
744 1936 912 2038 objecta,
941 1936 1088 2014 etiamsi
1116 1936 1439 2013 incommodatura
1466 1951 1587 2027 esset,
1625 1934 1929 2013 delectabantur.
2033 1934 2036 1939 ’

227 2072 361 2172 ltaque
387 2069 486 2147 illud
512 2069 648 2146 summi
674 2071 765 2148 boni
792 2072 942 2174 signum
973 2070 1221 2174 (criterium)
1254 2096 1459 2149 consensus
1486 2072 1670 2160 omnium,
1704 2073 1812 2148 deest
1827 2070 1933 2167 ,bee-

191 2180 395 2283 'aaudiat

327 2342 368 2436 ὃ.
395 2352 457 2422 27.
510 2324 686 2461 Attamen
708 2338 824 2433 sunt,
870 2340 937 2455 qui
967 2341 1096 2419 dicant
1122 2341 1178 2441 ²)·
1223 2347 1354 2419 omnes
1387 2341 1587 2420 fortissimi
1620 2341 1932 2447 magnanimique

128 2513 132 2522 ·
226 2476 316 2567 riri,
356 2501 451 2577 quos
479 2455 723 2566 enumerasti,
762 2477 851 2555 inde
884 2503 906 2554 a
936 2478 1058 2581 prima
1084 2492 1210 2555 aetate
1241 2479 1289 2554 sd
1314 2496 1465 2581 magnas
1496 2478 1838 2580 celeberrimaeque
1861 2504 1931 2559 res
2000 2466 2006 2475 ⁶

228 2585 408 2715 gerendas
441 2613 607 2689 animum
639 2609 893 2703 adverterant3
946 2613 1010 2690 cui
1042 2614 1169 2691 studio
1186 2598 1465 2691 'ardentissimo
1505 2641 1621 2717 quum
1653 2613 1929 2707 satisfacerent,

210 2748 399 2851 'prolecto
433 2776 600 2827 summae
631 2763 671 2828 et
702 2730 978 2827 sincerissimae
1012 2720 1219 2853 voluptatis
1253 2750 1456 2854 participes
1490 2749 1582 2828 facti
1617 2764 1716 2827 sunt.
1760 2751 1928 2850 =Nonne

227 2890 348 2985 igitur
358 2893 541 2987 ¹'optimus
567 2893 725 2989 quisque
743 2913 853 2965 suum
878 2892 999 2988 ipsius
1018 2890 1252 2988 voluptatem
1269 2890 1453 2990 expetit?
1490 2886 1654 2963 Minime
1670 2885 1853 2989 gentium,
1881 2902 1931 2967 ut

225 3019 320 3097 mihi
348 3020 501 3133 quidem
526 2998 689 3099 ridetur.
757 3023 882 3096 Hasce
916 3046 962 3097 ex
988 3021 1115 3095 animo
1141 3035 1182 3098 et
1206 3021 1384 3098 consulto
1410 3023 1554 3125 magnis
1580 3023 1693 3100 rebus
1719 3023 1927 3116 studuisse,

226 3179 302 3234 non
335 3181 447 3258 nego,
467 3231 468 3236 r
489 3154 555 3232 sed
587 3180 701 3257 nego,
746 3171 905 3260 propter
938 3156 1174 3258 voluptatem
1204 3156 1245 3231 id
1278 3155 1433 3236 iecisse.¹
1507 3158 1567 3235 En
1598 3161 1809 3241 Socratem!
1864 3160 1929 3240 Ex

136 3394 146 3407 ⁸
224 3291 406 3375 custodiis
440 3290 608 3392 effugere
640 3307 681 3369 et
710 3291 854 3369 diutius
885 3291 1000 3377 etiam
1037 3288 1246 3369 amicorum
1279 3266 1514 3372 sermonibus
1547 3294 1625 3372 frui
1658 3318 1803 3399 eosque
1831 3322 1935 3403 rere>

225 3427 410 3543 sapientia
448 3424 621 3504 imbuere
664 3442 703 3505 et
740 3427 977 3508 conformare
1016 3412 1176 3535 poterat.
1254 3430 1398 3507 Tamen
1439 3446 1517 3508 non
1554 3431 1671 3539 fugit,
1716 3431 1782 3507 sed
1821 3435 1926 3511 mori

18 3543 25 3554 ’
126 3564 131 3571 ’
185 3660 187 3665 ‚
224 3563 404 3647 maluit.
423 3545 524 3639 Num
550 3589 680 3641 censes
707 3540 847 3654 adbuc,
879 3580 1040 3660 mortem
1066 3578 1224 3670 propter
1250 3566 1484 3668 voluptatem
1511 3566 1760 3670 praetulisse?
1812 3569 1926 3674 Sane,

225 3698 403 3802 inquies,
420 3699 514 3811 legi,
533 3719 615 3802 qus
634 3715 757 3776 morte
781 3701 964 3779 multatus
990 3716 1066 3791 est,
1093 3701 1357 3803 obtemperans
1379 3702 1576 3807 voluptate
1595 3702 1755 3780 affectus
1777 3719 1849 3783 est.
1870 3746 1928 3765 —-

282 4020 308 4095 ¹)
352 4026 597 4084 centulense
637 4029 697 4085 Das
725 4029 839 4101 syrum
857 4029 922 4094 ‚der
945 4029 1207 4103 philosophischen
1235 4032 1334 4087 Moral
1359 4048 1391 4086 u.
1415 4047 1438 4085 s.
1460 4048 1497 4086 ιι.
1536 4030 1642 4085 Berlin
1666 4006 1757 4092 18'28.
1792 4048 1823 4104 p·
1851 4020 1926 4096 112.

314 4160 317 4167 ·
350 4130 440 4184 Denn
462 4128 556 4196 aucis,
581 4129 698 4202 inquit,
726 4132 760 4186 in
782 4131 835 4186 der
853 4132 1018 4206 Auslibnng
1038 4132 1092 4185 der
1104 4133 1277 4208 „Tagenden
1300 4130 1362 4187 und
1381 4132 1548 4204 Erfdllung
1568 4130 1621 4186 der
1641 4132 1791 4189 Pllicbren
1811 4132 1928 4191 beffia-

238 4292 260 4306 ἡ,
294 4301 299 4309 Ι
352 4230 417 4334 (ligr
436 4230 501 4284 sich
522 4229 575 4285 der
596 4230 721 4287 Menrch
747 4232 812 4288 und
832 4233 942 4306 begeht
968 4232 1069 4288 sclcbe
1090 4233 1294 4307 Hendlnngen
1320 4250 1405 4304 nur,
1436 4234 1472 4288 in
1489 4214 1523 4288 'sc
1544 4233 1612 4289 feru
1633 4250 1666 4287 er
1685 4223 1754 4300 iesse
1772 4232 1929 4305 lleirledi·

303 4322 307 4327 ’
351 4323 434 4405 g‘ung
456 4330 542 4385 darin
555 4331 670 4389 findet.
688 4348 733 4377 ·-'
751 4334 792 4389 tte
811 4337 850 4403 si
873 4352 904 4406 p.
924 4351 952 4390 ι.
975 4339 1033 4394 28ι
1064 4334 1143 4389 De
1133 4352 1178 4411 ιιιι
1198 4334 1380 4410 Gegentbsil
1401 4333 1453 4391 des
1474 4334 1647 4390 Bsdttrfnlss
1668 4350 1782 4424 gretser
1801 4335 1929 4403 Thateis

222 4452 225 4457 ·
338 4431 414 4487 -uusl
435 4430 515 4505 &aa
537 4433 698 4506 sllerdings
721 4433 780 4489 die
801 4433 1080 4508 Belriedigung
1102 4434 1223 4492 dieses
1244 4434 1465 4507 Redllrlnisses,
1487 4434 1539 4491 der
1555 4420 1701 4491 Interesse
1715 4432 1835 4489 rolclrer
1847 4429 1928 4535 lisl-

266 4512 270 4518 ²
349 4533 408 4590 den
429 4533 500 4589 oder
520 4533 569 4591 ilsr
590 4537 709 4608 sigenes
729 4535 862 4591 Patbos
882 4535 1049 4592 turmacht.
1281 4548 1284 4553 ·
1826 4548 1838 4561 ’··
