4334 5490
218 537 306 612 tas,
340 523 517 599 audacter
540 523 703 616 affirmo,
759 525 845 599 Non
871 539 929 599 eat
955 525 1052 599 alius
1078 524 1202 610 testis,
1238 546 1314 624 quo
1343 520 1451 594 nohis
1478 521 1764 623 persuadeatur,
1808 534 1855 593 nt
1883 517 1937 594 si·

232 685 315 735 nsua
341 675 382 736 et
407 661 568 760 a'gamu's,
596 662 778 761 nullaque
805 660 884 735 sive
911 661 965 735 rei
993 678 1171 737 externae
1197 661 1277 734 sive
1304 659 1474 770 internae
1501 657 1625 756 imago
1650 633 1871 756 percipitur
1897 670 1941 730 et

121 817 125 825 ’
230 795 473 894 cognoscitur
499 796 571 870 uisi
599 822 668 896 per
693 796 796 870 huuc
824 822 985 871 sensum.
1039 799 1157 871 Sensu
1184 796 1300 895 igitur
1326 794 1477 868 interno
1504 793 1683 893 cognosci
1705 791 1939 864 destinatio-

104 939 108 947 '
230 955 346 1017 nem,
374 957 528 1006 necesse
562 945 630 1006 est.
698 932 771 1005 Sed
804 932 887 1006 late.
913 947 1018 1033 patet
1049 932 1112 1005 hic
1139 957 1269 1005 seusus
1296 954 1504 1029 omnesque
1529 952 1589 1001 res
1620 923 1800 1000 humanas
1828 950 1940 1001 com·

231 1064 430 1165 plectitur,
465 1091 557 1166 quas
584 1081 628 1140 ut
653 1069 691 1140 in
720 1082 862 1140 certum
891 1069 1063 1142 ordinem
1088 1066 1300 1167 redigamus
1325 1080 1366 1140 et
1385 1063 1490 1164 quasi
1512 1062 1552 1136 in
1572 1061 1664 1137 luce<
1680 1062 1937 1149 ambulemus,

232 1174 370 1272 mentis
404 1199 589 1276 humanae
624 1202 723 1277 vires
758 1219 796 1277 et
829 1202 1026 1277 facultates
1054 1202 1288 1303 distinguere
1314 1215 1354 1276 et
1377 1199 1554 1286 definire,
1592 1224 1640 1272 ne
1666 1198 1805 1284 multa,
1841 1220 1941 1299 psy⁴

168 1364 172 1371 ·
231 1331 430 1433 chologiae
459 1361 525 1410 nos
552 1363 705 1438 operam
734 1363 868 1411 navare
895 1352 1058 1437 oportet.
1119 1338 1198 1409 Hac
1225 1338 1264 1411 in
1291 1336 1493 1436 disciplina
1513 1332 1719 1434 diligenter
1744 1347 1783 1407 et
1809 1333 1939 1434 probe

232 1486 441 1547 versantem
471 1499 545 1546 non
572 1472 709 1571 fugiet,
753 1471 876 1546 inesse
904 1471 1011 1546 nobis
1039 1469 1202 1570 aliquid,
1251 1451 1328 1573 quo
1355 1498 1454 1546 nunc
1488 1469 1533 1544 ad
1560 1469 1704 1571 aliquid
1732 1466 1935 1569 agendum,

231 1631 331 1679 nrrnc
364 1606 410 1679 ad
444 1608 546 1682 aliud
580 1608 796 1682 evitandum
838 1607 1089 1708 impellimur,
1137 1606 1246 1706 cujus
1283 1605 1538 1681 incitamentis
1578 1630 1721 1678 morem
1754 1619 1935 1704 gerentes

230 1738 393 1829 laetitia,
425 1788 478 1801 —
511 1744 611 1819 male
643 1734 894 1830 obedientes,
921 1743 1077 1816 tristitia
1110 1740 1328 1844 fraudisque
1361 1742 1530 1816 cruciatu
1557 1739 1755 1814 afficimur.
1824 1739 1937 1811 Con-

230 1875 399 1950 scientia.
416 1877 508 1952 haec
535 1875 693 1953 facultas
720 1879 760 1951 in
786 1880 921 1979 vulgus
947 1878 1105 1966 dicitur,
1134 1865 1364 1981 philosophi
1380 1870 1508 1952 tamen
1534 1875 1581 1950 de
1608 1875 1761 1949 nomine
1786 1872 1937 1951 discre-

230 2027 339 2111 pant,
375 2013 458 2100 alii,
492 2028 532 2088 et
555 2016 694 2089 rectius
720 2014 894 2116 quidem,
927 2010 1117 2086 rationem
1139 2014 1361 2115 practicam,
1401 2012 1468 2086 alii
1495 2013 1619 2084 minus
1646 2025 1749 2085 recte
1775 2035 1935 2085 sensum

231 2147 430 2237 moralem,
458 2149 522 2222 alii
545 2150 657 2224 aliter
676 2150 886 2223 nominant.
941 2152 985 2222 In
1006 2173 1054 2223 eo
1074 2172 1204 2224 omnes
1225 2150 1305 2224 fere
1325 2148 1585 2237 consentiunt,
1613 2146 1714 2247 quod
1738 2144 1788 2218 sit
1812 2145 1934 2221 animi

229 2279 408 2371 facultas,
442 2274 642 2387 perquam
669 2284 787 2358 officii
815 2299 1017 2396 praecepta
1044 2286 1153 2360 nobis
1180 2287 1375 2387 tradantur
1400 2299 1440 2360 et
1464 2286 1510 2358 ad
1529 2283 1768 2370 servandum,
1797 2305 1936 2358 neces·

230 2416 342 2492 ritate
369 2420 528 2518 quadam
555 2420 687 2494 morali
717 2421 1271 2522 interposita,proponantur.
1339 2417 1560 2521 Philosophi
1594 2417 1737 2492 strenui
1773 2432 1814 2491 et
1838 2444 1936 2496 vere

188 2540 193 2554 ⁸
230 2552 411 2651 rapientis
438 2570 513 2642 est,
554 2555 827 2643 demonstrare,
873 2554 969 2630 hanc
996 2557 1072 2628 vim
1100 2572 1137 2631 et
1164 2550 1381 2632 facultatem
1408 2555 1525 2630 menti
1554 2567 1703 2627 nostrae
1729 2553 1936 2632 inhaerere

229 2699 269 2761 et
303 2687 353 2761 ita
387 2688 601 2782 inhaerere,
645 2706 687 2767 ut
722 2718 790 2767 uec
822 2692 1097 2767 consuetudine
1129 2718 1199 2766 nec
1232 2692 1457 2767 educatione
1489 2705 1612 2792 parta,
1648 2690 1713 2763 sed
1741 2716 1813 2762 una
1841 2715 1935 2765 cum

228 2839 355 2899 mente
381 2841 463 2901 orta
491 2843 530 2902 et
556 2844 688 2904 natura
715 2830 824 2920 nobis
852 2828 964 2903 insita
991 2828 1052 2903 sit
1108 2830 1302 2903 Praeterea
1328 2841 1525 2928 coarguet,
1545 2818 1702 2900 ¹huces
1730 2825 1846 2901 animi
1873 2826 1934 2902 fa·

230 2961 373 3034 cultate
399 2960 517 3035 officii
545 2979 763 3064 praccepta,
805 2979 988 3064 quantum
1015 2964 1108 3036 licet
1126 2988 1208 3064 per
1234 2959 1418 3038 humanae
1450 2956 1586 3038 mentis
1613 2961 1934 3037 debilitatem-4

230 3104 270 3171 et
302 3093 393 3170 hinc
417 3121 569 3172 omnem
602 3098 702 3173 vitae
737 3097 945 3199 perfectae,
986 3095 1031 3172 ad
1066 3122 1179 3199 quam
1217 3099 1294 3172 nati
1328 3098 1515 3186 videmur,
1564 3098 1686 3171 ideam
1720 3097 1957 3198 proficisci.-

229 3230 378 3326 Quibus
405 3233 582 3309 omnibus
607 3232 773 3334 ea,'qua
800 3234 855 3309 rei
882 3234 1019 3309 veritas
1046 3233 1184 3334 cuique
1211 3234 1496 3343 persuadeatur,
1532 3233 1569 3308 vi
1591 3249 1630 3308 et
1655 3232 1934 3334 perspicuitate

230 3369 431 3468 expositis,
458 3370 506 3444 de
532 3382 623 3445 vero
650 3385 689 3445 et
716 3394 862 3444 summo
889 3369 1051 3444 hominis
1077 3370 1171 3458 fine,
1196 3412 1249 3428 —
1274 3369 1564 3445 destinationem
1592 3369 1695 3456 dico,
1730 3367 1828 3442 nihil
1855 3369 1932 3444 du·

102 3510 106 3518 '
169 3541 175 3548 ·
228 3501 425 3579 bitatiouis
452 3504 525 3580 crit
549 3505 758 3582 relictum·
795 3505 942 3602 Quodsi
971 3530 1060 3581 vero
1089 3530 1195 3580 secus
1222 3505 1410 3592 eveniret,
1429 3505 1477 3595 ,si
1504 3504 1632 3604 potius
1660 3505 1767 3606 quasi
1791 3486 1940 3582 invitis·

107 3702 118 3729 ,
201 3634 470 3740 ¹philosophis
497 3638 684 3730 eluc'erat,
725 3666 774 3715 ue
799 3640 996 3715 minimum
1023 3640 1176 3742 quidem
1204 3638 1326 3743 officii
1351 3655 1593 3742 praeceptum
1629 3636 1739 3714 axvi
1767 3639 1955 3741 quadam,

229 3772 346 3846 animi
373 3774 492 3849 nostri
520 3776 601 3851 erui
635 3790 676 3851 et
701 3775 852 3878 probari
880 3800 1008 3877 possa,
1051 3800 1098 3851 ne
1124 3773 1261 3863 multa,
1304 3774 1334 3850 si
1362 3775 1485 3849 omnis
1511 3777 1558 3850 de
1585 3775 1731 3849 ratione
1757 3773 1932 3876 practica

228 3883 400 3983 doctrina
432 3926 643 4000 corrueret,
688 3926 770 3986 tota
805 3936 958 4011 quoque
989 3889 1038 3987 de
1069 3893 1236 3984 moribus
1269 3901 1514 4012 philosophia
1547 3924 1780 3986 everteretur
1812 3911 1933 3986 etad

228 4041 389 4120 nihilum
416 4045 704 4135 reducentur,-
720 4072 874 4122 necesse
900 4049 1010 4122 esset.
1085 4044 1192 4148 Nihil
1219 4045 1328 4121 uobis
1356 4044 1534 4121 relictum
1561 4043 1675 4134 esset,
1710 4043 1781 4119 uisi
1808 4043 1954 4122 ratio*

228 4175 287 4252 nis
306 4183 482 4281 perditae
509 4181 894 4258 miserrimusluctus
921 4169 1117 4284 et,···proh
1142 4181 1270 4269 dolor,
1312 4180 1550 4258 nedirinac
1566 4177 1811 4258 revetationis
1839 4176 1944 4282 quic

226 4311 312 4387 dem
339 4320 570 4392 sanctissima
598 4333 798 4420 praecepta
825 4333 917 4392 tunc
940 4317 1256 4419 intelligeremus,
1291 4341 1339 4391 ne
1359 4318 1480 4391 dicam
1503 4339 1799 4419 agnosceremus.
1854 4317 1934 4392 Fa·-

222 4451 370 4528 cultate
397 4453 497 4528 enim
524 4455 687 4542 ademta,
715 4451 755 4527 id
782 4476 935 4556 quoque
962 4452 1071 4528 nobis
1098 4467 1271 4555 ereptum
1289 4441 1378 4546 est,
1403 4453 1653 4559 quodinea·
1671 4449 1818 4532 nititur.
1871 4476 1877 4504 ¹
