4334 5490
843 386 996 401 .....
1027 337 1117 421 τω
1179 381 1331 399 ...-

94 600 97 604 ’
223 640 227 645 .
333 577 461 670 §.aa
524 529 638 677 Quod
671 581 701 654 si
736 578 807 655 cui
832 578 891 654 his
912 584 1079 682 'qnoque
1109 575 1222 651 dictis
1251 599 1331 650 non
1365 576 1454 652 satis
1487 598 1708 679 persuasum
1736 588 1865 664 esset,
1907 572 1942 649 ia

207 705 372 790 'haecce
399 740 547 804 mecum
574 715 801 792 consideret.
863 715 901 789 Si
928 716 1068 791 Noster
1093 702 1240 801 censet,
1281 711 1516 815 voluptatem
1543 708 1628 813 ipsi
1645 708 1808 799 actioni,
1840 714 1944 784 tarti-

233 862 519 951 quatn·-part'em
546 850 630 951 ejus
658 850 841 951 integram
869 852 908 925 et'
939 850 1151 953 propriam,
1181 847 1318 924 inesse
1343 863 1382 924 et
1412 847 1466 924 ita'
1498 847 1706 935 inhaerere,
1728 830 1791 922 'nt
1811 846 1944 922 'altera

184 1004 186 1010 ’
225 981 316 1061 tine
342 985 463 1061 altera
482 1001 628 1062 exstare
654 1011 731 1062 non
757 986 895 1087 possit,
924 986 957 1083 ¹)
991 984 1247 1081 minus'rcotc
1270 984 1468 1060 'ocnsuiasc
1496 981 1780 1061 mihi'·vidctor.
1840 977 1945 1085 ²Ips'c

232 1119 456 1209 confitetur,
501 1124 689 1212 ἐνέργειαν
721 1121 919 1222 voluptate
944 1119 1095 1223 perfici,
1139 1144 1255 1222 quare
1282 1119 1395 1195 finem
1423 1119 1558 1220 agendi
1579 1131 1675 1195 -essc'
1700 1116 1945 1221 voluptatem
1984 1134 1990 1139 '

234 1252 429 1355 magisque
464 1255 502 1329 in
536 1256 616 1330 otio
638 1256 843 1355 (ἠρεμίᾳ),
886 1282 998 1358 quam
1032 1255 1072 1330 in
1104 1270 1214 1330 motu
1246 1252 1367 1329 sitam.
1395 1251 1431 1353 ²)
1504 1254 1605 1329 Num
1638 1253 1746 1354 quid,
1784 1277 1944 1355 quaeso,

235 1362 376 1463 actioni
411 1390 618 1466 arctissime
651 1415 881 1479 connexum,
922 1390 1037 1465 simul
1069 1389 1354 1497 otiosum-esse
1388 1390 1564 1490 potest?¹
1606 1387 1755 1465 Erravit
1787 1376 1968 1466 Noster

236 1523 423 1598 actionem
451 1541 490 1599 et
515 1526 750 1627 voluptatem
778 1524 867 1601 inde
893 1514 1112 1627 perceptam
1140 1548 1212 1599 una
1239 1523 1395 1599 notione
1422 1548 1572 1625 unaque
1599 1524 1777 1612 essentia,
1811 1523 1944 1600 felici·

228 1656 324 1733 tatis
348 1657 456 1747 dico,
481 1660 826 1762 comprehendens,
853 1688 970 1764 quum
989 1686 1030 1737 re
1050 1685 1137 1738 vera
1163 1657 1268 1734 heec'
1286 1658 1395 1733 iliam·
1419 1673 1616 1759 sequatur,
1645 1659 1762 1734 immo
1785 1659 1944 1738 actione

235 1789 477 1892 jamdudum
506 1796 610 1869 finita
638 1795 677 1870 in
706 1795 814 1870 nobis
842 1796 964 1872 adhuc
991 1807 1194 1873 remaneat.
1263 1794 1360 1892 Quia
1387 1793 1489 1868 enim
1513 1807 1588 1884 est,
1630 1795 1723 1897 quin
1756 1794 1812 1872 rei
1838 1793 1943 1875 bone

228 1942 361 2031 gestae
384 1931 516 2004 multis
542 1931 656 2006 etiam
684 1945 771 2033 post
796 1932 903 2007 annia
930 1950 1072 2008 summa
1099 1957 1186 2007 cum
1208 1930 1412 2033 voluptate
1431 1931 1674 2041 recordetur„
1720 1924 1829 2028 Quae
1849 1956 1942 2008 oum

233 2062 301 2140 ita*
320 2065 397 2138 sint
431 2066 698 2164 concedamus,
739 2091 893 2142 neccsse
927 2083 1002 2156 est,
1041 2066 1334 2155 beatitudinem,
1376 2080 1457 2154 ant,
1497 2066 1530 2141 si
1562 2066 1680 2166 mtgis
1713 2065 1755 2141 in
1784 2066 1943 2144 actione

235 2215 423 2289 versetur,
452 2217 612 2304 propter
637 2202 874 2304 voluptatem
901 2201 1045 2306 expeti,
1085 2217 1151 2278 aut
1174 2200 1328 2304 penitus
1362 2200 1562 2305 voluptate·
1586 2201 1785 2278 contineri.
1856 2206 1942 2281 Vo‘-

233 2333 421 2437 luptatem
455 2351 582 2412 tamen
615 2337 770 2414 minime
804 2340 953 2441 semper
986 2354 1026 2416 et
1058 2336 1201 2441 ubique
1233 2353 1392 2442 propter
1424 2363 1464 2416 se
1495 2338 1616 2441 ipsam
1650 2337 1795 2441 expeti,
1837 2338 1943 2418 inter

235 2493 366 2547 omnes
392 2459 585 2562 constat,¹
610 2473 754 2576 quippe
788 2501 905 2576 quum
938 2474 1011 2551 viri
1045 2474 1313 2578 sapientissimi
1347 2489 1462 2577 atque
1488 2472 1625 2574 optimi
1642 2471 1845 2549 'interdum
1871 2467 1944 2552 io·

235 2607 423 2708 luptates,
456 2607 634 2685 nimirum
661 2607 856 2700 honestas,
889 2623 1088 2712 quaerant,
1122 2614 1166 2688 nt
1190 2611 1308 2701 vires,
1347 2607 1479 2687 labore
1505 2624 1545 2687 et
1571 2606 1940 2703 studio'exhaustaa,

235 2740 419 2820 reficiant.
1696 2846 1699 2852 ι

331 2879 381 2972 §⁴
415 2889 476 2958 32.
516 2880 674 2977 ·Qoum
713 2895 909 2983 praetcrea
946 2882 1134 2958 summum
1173 2882 1316 2958 bonum
1354 2879 1395 2956 id
1426 2878 1509 2958 esse
1540 2896 1732 2993 oporteat,
1778 2898 1944 2988 propter

235 3011 350 3115 quod·
366 3027 405 3088 et
420 3037 508 3115 ·quo
535 3014 641 3115 quasi
667 3015 765 3092 duce
790 3019 938 3119 reliqua
966 3032 1250 3121 perpetrentur,
1283 3043 1403 3121 quum
1425 3010 1542 3120 quasi
1557 3018 1660 3096 vitae
1685 3019 1816 3120 regula
1837 3020 1950 3097 exsi·'

237 3161 327 3238 stat,
357 3145 393 3250 ³)
429 3150 572 3238 nonne,
607 3151 783 3251 quamvis
814 3151 947 3236 uirtuti
974 3168 1226 3231 consentanca
1252 3153 1403 3230 actione
1436 3155 1623 3231 contineri
1661 3156 1941 3233 beatitudinem

237 3282 372 3359 docent
398 3287 552 3375 Noster,
591 3285 674 3362 fieri
703 3288 841 3391 possit,
881 3303 924 3364 ut
948 3289 1068 3366 virtus
1095 3289 1303 3392 voluptati,
1342 3304 1533 3391 tamquam
1559 3290 1800 3397 dominatrici
1826 3291 1943 3368 cedat

236 3433 277 3494 et
298 3446 341 3496 sc¹
357 3420 737 3535 huicaccommodct.
791 3425 849 3500 Ex
872 3423 1069 3527 voluptate
1089 3425 1191 3504 enim
1210 3425 1298 3503 inde
1319 3441 1499 3530 percepta
1521 3427 1640 3503 virtus
1663 3425 1942 3529 agnoscitur,⁴)

151 3594 156 3609 ν
237 3555 276 3631 si'
304 3556 483 3631 Nostrum
516 3558 696 3661 sequaris.
769 3561 901 3638 Virtus
933 3575 1061 3638 tamen
1092 3561 1312 3665 saepissime
1340 3561 1531 3665 voluptati
1566 3578 1778 3666 repugnat„
1832 3551 1945 3661 Quid

236 3689 354 3792 igitur
375 3692 546 3769 accidet?
598 3696 649 3769 Ut
675 3722 874 3774 enumero
900 3697 1084 3775 virtutum
1108 3698 1311 3788 eximatur,
1339 3690 1588 3800 quaecunque
1610 3699 1845 3800 voluptatem
1867 3699 1945 3776 mi-

237 3840 351 3902 nuat·
393 3826 528 3918 Vides,
562 3811 753 3932 quomodo
780 3832 821 3909 in
839 3833 1201 3938 perniciosissimum
1221 3835 1280 3912 sui
1301 3830 1421 3938 ipsius
1442 3833 1626 3926 studium,
1653 3826 1946 3914 nouissimam·-

269 4166 323 4257 ᾖ)
367 4149 974 4257 c.1.a.s.'1e'1osa.v.rt-st.
1462 4228 1464 4234 .

296 4284 321 4360 ¹)
364 4290 464 4347 Ettic,
486 4293 604 4348 Nicom.
623 4293 689 4383 m·
714 4294 764 4354 15.
786 4313 816 4367 p.
838 4297 930 4358 11⁵⁴.
953 4313 982 4352 v.
1003 4300 1056 4357 28.
1078 4321 1123 4338 -·
1141 4293 1177 4352 Χ.
1200 4292 1230 4355 4.
1258 4312 1290 4367 ιι.
1312 4293 1405 4355 1174.
1429 4311 1461 4375 γ.
1480 4296 1532 4356 38.

251 4397 326 4474 -.-.⁸)·
366 4390 926 4482 c.1.1.1.p.'1'ost.v.2t.-
954 4418 1004 4474 aa
1030 4428 1062 4485 n
1084 4386 1177 4475 asoa
1203 4414 1288 4473 ca
1326 4424 1331 4431 ·

251 4555 254 4560 ·
301 4517 336 4590 ⁴5
370 4527 406 4581 C.
428 4528 515 4583 1:11.
539 4534 568 4589 2.
600 4547 629 4600 p.
654 4528 747 4588 1104.
774 4528 852 4588 ui.
901 4550 903 4556 ⁴
1438 4514 1460 4541 '⁰
