4334 5490
826 293 1312 377 ...ἡ-48...

228 540 338 616 Mens
371 563 441 639 per
473 564 513 612 se
547 561 754 638 nunquam,
794 534 852 612 uti
884 534 1036 637 quidem
1063 535 1201 610 Nostro
1234 533 1386 609 videtur
1417 533 1464 608 ad
1491 504 1674 634 agendum
1700 529 1859 621 incitat,
1896 533 1934 631 ²)

122 754 131 761 ,
186 702 189 709 ·
227 673 419 777 appetitus
445 687 569 746 tamen
596 671 832 772 saepissime,
854 671 976 746 immo
1003 696 1152 770 semper
1177 683 1217 745 et
1243 668 1385 769 ubique
1410 682 1590 769 tantaque
1609 671 1862 756 necessitate,
1889 683 1938 744 nt

228 835 314 884 eum
352 806 645 907 diligentissimo
683 805 836 881 virtutis
877 806 1010 880 studio·
1043 806 1106 880 vix
1142 804 1330 907 deprimas
1372 819 1413 878 et
1450 803 1589 878 finibus
1623 804 1699 878 suia
1738 803 1934 881 includas.

228 943 368 1017 Mentis
395 968 464 1042 per
491 968 531 1016 se
557 957 615 1017 est
641 941 741 1017 inter
767 940 925 1017 honesta
953 938 1226 1042 inhonestaque
1258 937 1502 1039 dijudicatio,
1543 936 1772 1039 simulatque
1798 955 1938 1018 autem

229 1078 440 1180 appetitum
464 1076 513 1180 in
549 1075 727 1176 se-quasi
761 1077 925 1177 recepit,
965 1091 1058 1150 tunc
1091 1077 1241 1151 demum
1277 1074 1449 1174 imperat.
1526 1074 1780 1150 De'consilio
1813 1077 1937 1168 enim,

231 1212 332 1315 quod
359 1226 417 1284 est
442 1209 665 1312 prudentiae
692 1210 842 1284 initium
870 1227 910 1286 et
935 1210 1040 1299 sinis,
1068 1210 1179 1284 docet
1204 1211 1359 1284 Noster:
1393 1234 1500 1297 „esse
1527 1223 1592 1283 aut
1615 1184 1801 1301 mentem,
1832 1236 1939 1313 quae

231 1347 276 1421 ad
303 1344 556 1447 appetendum
583 1344 724 1419 excitet
750 1360 815 1418 aut
841 1346 1070 1446 appetitum,
1115 1345 1181 1445 qui
1208 1344 1400 1445 cogitandi
1434 1343 1509 1419 vim
1536 1342 1685 1420 habeat.
1712 1342 1750 1442 ².)
1816 1345 1938 1422 Mens

233 1481 348 1582 igitur
374 1479 585 1581 appetitum
612 1480 812 1568 terminet,
851 1504 1005 1555 necesse
1030 1493 1106 1566 est,
1146 1493 1185 1553 et
1211 1478 1403 1579 appetitus
1430 1492 1607 1553 mentem.
1680 1479 1800 1556 Sicuti
1829 1481 1940 1559 enim

233 1617 423 1717 appetitus
451 1614 597 1688 ratione
625 1614 881 1688 intercedente
909 1616 1142 1702 moderatur,
1174 1613 1227 1687 ita
1255 1637 1407 1713 quoque
1433 1612 1590 1687 rationis
1611 1611 1770 1689 via'non
1792 1629 1855 1691 est
1876 1616 1940 1695 in-

234 1750 357 1840 finita,
386 1750 450 1824 sed
472 1727 643 1851 appetitu
664 1747 817 1847 objecto
838 1747 1061 1850 impeditur,
1090 1750 1201 1850 eique
1220 1749 1347 1823 locum
1366 1749 1581 1850 relinquere
1604 1749 1764 1850 cogitur.
1786 1786 1792 1801 ι
1820 1751 1942 1846 Quae

233 1860 320 1960 cum
349 1891 400 1963 ita
428 1885 521 1973 sint,
555 1897 728 1984 apparet,
763 1908 945 1958 summam
971 1886 1123 1960 virtutis
1150 1885 1298 1984 legem,
1325 1897 1408 1972 aut,
1442 1885 1473 1958 si
1501 1883 1618 1984 magis
1644 1885 1790 1984 placet,
1826 1887 1942 1986 prin·
2012 1929 2017 1941 ·

234 2021 377 2123 cipium
404 2020 521 2095 fuisse
548 2019 704 2106 Nostro,
733 2042 809 2092 non
836 2018 941 2093 illam
969 2020 1110 2094 centies
1132 2018 1341 2118 ‘repetitam
1367 2033 1406 2092 et
1431 2017 1509 2116 jam
1534 2019 1580 2091 ad
1605 2043 1779 2094 nauseam
1802 2023 1941 2097 tritam

235 2157 282 2231 de
309 2156 511 2253 medietate
539 2138 781 2240 sententiam,
822 2153 992 2252 quamvis
1019 2153 1109 2228 huic
1142 2178 1294 2254 quoque
1328 2153 1417 2226 satis
1444 2154 1608 2228 multum
1634 2154 1834 2243 tribuerit,
1870 2157 1943 2232 sed

236 2290 486 2366 arctissimum
514 2287 614 2361 inter
640 2301 794 2361 naturae
821 2286 1005 2362 desideria
1032 2303 1071 2362 et
1096 2304 1237 2361 rectam
1263 2288 1450 2363 rationem
1472 2313 1707 2364 consensum.
1762 2290 1838 2365 Sed
1856 2317 1941 2392 qua

189 2513 200 2526 ο
237 2428 340 2526 lege,
391 2447 468 2523 quo
499 2422 612 2507 duce,
659 2446 736 2523 quo
770 2422 946 2522 exemplo
978 2423 1094 2497 altera
1127 2422 1183 2495 vis
1217 2422 1376 2497 alteram
1408 2424 1518 2498 finire
1550 2424 1699 2513 debeat,
1746 2451 1942 2527 nusquam

235 2560 360 2660 liquet
386 2555 485 2655 apud
512 2555 700 2629 Nostrum·
762 2557 962 2657 Appetitus
989 2543 1298 2631 enim‘latissime
1324 2573 1430 2657 patet
1455 2573 1494 2633 et
1521 2585 1593 2633 una
1620 2586 1667 2634 er
1693 2561 1872 2659 corporis
1898 2578 1943 2638 et

239 2691 353 2767 animi
381 2689 576 2765 desideriis
600 2689 873 2792 proficiscitur,
908 2716 1042 2792 quare,
1084 2715 1131 2764 ne
1158 2715 1245 2765 eum
1271 2691 1311 2765 in
1338 2718 1524 2768 summum
1550 2694 1699 2769 virtutis
1726 2663 1942 2772 detrimen·

239 2845 319 2902 tum
346 2827 480 2901 ducem
509 2826 696 2926 sequaris,
729 2826 935 2902 verendum
963 2840 1030 2900 est.
1084 2825 1215 2915 Ratio,
1245 2825 1389 2928 quippe
1416 2852 1512 2926 quae
1539 2827 1735 2917 humana,.
1752 2828 1837 2931 ipsa
1868 2833 1943 2907 nu'·

238 2976 296 3038 tat
322 2977 361 3035 et
388 2973 558 3060 vagatur,
586 2958 658 3032 nisi
684 2975 786 3034 recta
813 2973 853 3033 et
878 2961 1028 3034 exculta
1054 2960 1114 3034 ait.
1138 2956 1170 3058 ³)
1225 2960 1428 3055 Quomodo
1456 2976 1581 3037 autem
1607 2978 1709 3039 recta
1735 2962 1819 3039 fieri
1847 2990 1944 3065 pos·

241 3097 306 3184 sit,
351 3094 421 3168 hac
454 3094 501 3166 de
532 3118 573 3167 re
600 3094 739 3167 Noster
770 3092 908 3168 iterum
936 3093 1064 3168 nullus
1091 3108 1158 3168 est.
1186 3093 1223 3194 ⁴)
1290 3096 1419 3190 Quum
1446 3096 1501 3170 sic
1528 3123 1568 3171 se
1593 3123 1652 3174 res
1678 3096 1837 3189 habeat,
1865 3102 1944 3178 uix

241 3228 487 3307 dubitandum
513 3243 596 3317 est,
625 3221 718 3331 quin
743 3227 811 3304 illa
838 3227 968 3305 Nostri
996 3229 1177 3322 φρόνησις
1202 3234 1387 3320 πρακτική
1419 3231 1559 3307 rationi
1585 3233 1794 3336 practicae,
1823 3262 1944 3338 qnam

240 3419 533 3445 Μ
643 3435 646 3440 .

252 3503 328 3592 ¹⁴¹)
371 3520 450 3583 0,,1.
474 3500 502 3589 p.
524 3520 616 3583 1189.
639 3501 877 3584 meatuum
898 3514 995 3589 tutet
1017 3494 1108 3575 odddr
1127 3522 1208 3576 κινεῖ.
1258 3479 1306 3574 De
1326 3484 1505 3576 animam.
1530 3526 1579 3581 10.
1608 3541 1638 3594 p-
1661 3522 1734 3584 4⁸3·
1755 3523 1801 3605 ,τὸ
1823 3524 1950 3599 ὀρεκτὸν

368 3616 422 3689 γὰρ
443 3622 530 3683 κινεῖ,
559 3615 606 3670 καὶ
626 3616 672 3671 διὰ
692 3619 776 3672 ταῦτα
797 3614 815 3684 ἠ
838 3614 946 3671 διάνοια
966 3624 1047 3689 κανεῖ.
1060 3648 1102 3661 -
1119 3619 1151 3675 ἓν
1169 3618 1203 3689 δή
1222 3638 1249 3674 τι
1269 3618 1301 3675 τὸ
1322 3623 1421 3676 κινοῦν
1437 3619 1468 3677 τὸ
1487 3619 1618 3691 dessein
1651 3630 1680 3692 9·
1703 3643 1731 3696 p.
1746 3625 1823 3693 432.
1847 3647 1877 3684 v.
1890 3637 1947 3692 26.

369 3747 412 3760 —
435 3718 508 3775 4382
530 3719 712 3775 v.1-so.
757 3718 897 3788 Quamvis
920 3719 1001 3771 enim
1023 3719 1055 3772 in
1077 3738 1141 3791 cap.
1168 3724 1216 3776 10.
1240 3720 1335 3775 dicat:
1358 3723 1488 3789 φαίνεται
1509 3720 1538 3778 δέ
1560 3743 1590 3792 γε
1613 3722 1664 3779 daia
1685 3726 1774 3779 ταῦτα
1796 3716 1950 3803 mecine,

369 3812 387 3886 ἦ
411 3811 504 3886 ὄρεξιν
523 3810 542 3885 ἢ
564 3816 648 3888 νοῦν,
671 3826 771 3870 tamen
793 3817 896 3871 eodem
916 3834 1002 3871 versu
1024 3818 1122 3874 addita
1156 3817 1186 3873 εἴ
1203 3830 1244 3874 τις
1265 3817 1319 3889 τὴν
1338 3825 1494 3890 φαντασίαν
1522 3823 1587 3888 (die
1610 3826 1824 3901 vorstellung)
1847 3836 1952 3906 τιθείη
2010 3810 2019 3824 ⁸

370 3915 405 3972 dt
426 3915 521 3986 νόησίς
540 3935 610 3972 τινα.

302 4031 331 4102 ¹)
371 4036 406 4090 L.
429 4053 456 4090 e.
480 4035 529 4087 vt.
552 4041 582 4093 2.
610 4053 640 4105 p·
666 4037 757 4093 1189.
787 4051 814 4087 r.
838 4033 869 4092 4.
897 4030 938 4089 nt
959 4005 1143 4102 {deaurata
1162 4027 1231 4091 vovit
1250 4033 1270 4106 ἦ
1291 4038 1453 4108 προαίρεσις
1472 4030 1491 4107 ἢ
1513 4031 1799 4114 dissentaneum.

302 4143 329 4222 ³)
373 4147 539 4220 Nontdyut
559 4151 610 4204 aed
631 4147 719 4216 deddc
739 4147 818 4219 thyon·
839 4151 874 4203 de
895 4151 1053 4208 virtutibus
1075 4151 1229 4232 dijudicat.
1494 4137 1501 4146 ⁵
1783 4124 1785 4128 .

226 4299 254 4330 μ
306 4262 331 4334 ⁴)
374 4270 410 4322 ln
432 4268 566 4322 Platonis
594 4278 691 4338 partes
717 4269 927 4333 transiremur,
958 4268 1011 4339 qui
1031 4267 1129 4322 ideam
1150 4279 1293 4342 tanquam
1314 4267 1477 4342 imaginem
1499 4270 1668 4327 intuentem
1688 4271 1859 4335 honestum
1882 4283 1957 4341 fieri

370 4369 468 4436 jubet,
502 4367 661 4457 dummodo
689 4366 725 4421 de
746 4366 812 4420 idea
833 4366 949 4439 aliquid
970 4378 1134 4438 constaret,
1165 4384 1221 4424 nec
1243 4379 1318 4427 esset
1339 4371 1436 4427 omnis
1461 4371 1497 4426 de
1523 4373 1598 4428 ideis
1620 4372 1756 4438 doctrina
1782 4396 1874 4437 mera
1895 4385 1956 4458 hy.

287 4506 296 4520 .
372 4468 510 4541 polepris.
539 4483 544 4493 ’
866 4470 872 4479 ’
1369 4465 1371 4468 ⁴
