4334 5490
787 1236 1084 1326 CAPUT
1176 1238 1214 1325 1.

250 1564 289 1660 §.
324 1572 357 1642 1.
418 1508 576 1637 Omnis
604 1586 680 1650 ars,
713 1560 920 1663 'omnisque
947 1560 1047 1639 aetio
1079 1577 1119 1638 et
1144 1560 1317 1637 doctrina
1343 1564 1457 1639 finem
1491 1561 1664 1666 aliquem'
1690 1580 1850 1666 spectat,
1917 1654 1921 1665 Ι

148 1727 261 1802 quem
287 1700 429 1775 bonum
456 1725 538 1775 esse
565 1710 695 1774 ornnes
722 1698 947 1774 concedunt.
986 1697 1190 1774 Videntur
1217 1714 1341 1774 autem
1368 1700 1461 1774 fines
1488 1699 1561 1801 ipsi
1584 1701 1684 1775 inter
1710 1726 1750 1774 se
1770 1700 1847 1775 dis-

147 1861 316 1936 crepare.
336 1835 344 1849 “
369 1836 445 1910 Atii
465 1834 565 1911 enim
587 1850 675 1909 sunt
696 1834 865 1910 actiones
892 1836 1122 1925 (ἐνέργειαι),
1150 1834 1216 1908 alii
1237 1850 1320 1911 aeta
1346 1835 1484 1933 (ἔργα,
1511 1839 1620 1927 τέλη)
1647 1852 1686 1912 et
1707 1835 1846 1913 haecce

150 1970 231 2046 illis
259 1953 541 2046 sunt'meliora.
579 1971 614 2069 ¹)
1480 1989 1484 1993 ’

252 2107 290 2199 §.
320 2116 356 2183 2.
412 2106 562 2181 Deinde
588 2106 683 2181 fines
711 2102 782 2179 sibi
810 2102 974 2180 invicem
1002 2102 1164 2205 subjecti
1192 2118 1295 2193 sunt,
1324 2101 1457 2178 eodem
1482 2104 1614 2193 modo,
1643 2132 1720 2210 quo
1747 2123 1845 2185 artes

63 2305 66 2310 .
147 2257 188 2319 et
214 2241 450 2343 disciplinae.
472 2218 504 2331 ²)
557 2240 730 2316 Summae
756 2240 981 2344 disciplinae
1009 2267 1174 2317 summus
1202 2241 1289 2316 finis
1317 2266 1502 2315 summum
1529 2243 1846 2342 quoquebonum
1908 2294 1918 2307 ·

146 2404 231 2453 esse
263 2377 414 2452 dicitur.
495 2379 599 2452 Inter
632 2402 761 2451 omnes
796 2402 854 2452 ars
882 2376 1117 2478 reipublicae
1151 2375 1335 2478 regendae
1368 2375 1533 2476 primum
1565 2377 1693 2453 locum
1726 2393 1843 2457 tenet.

149 2512 242 2612 Ejus
271 2513 357 2588 finis
392 2511 588 2586 beatitudo
620 2526 806 2588 censetur.
885 2511 979 2587 Esse
1011 2512 1129 2614 igitur
1161 2512 1434 2589 beatitudinem
1472 2538 1688 2615 supremum
1718 2516 1844 2605 finem,

148 2649 232 2751 quis
261 2674 336 2724 non
364 2647 491 2722 videt?
526 2643 555 2731 3)

248 2785 286 2879 §.
314 2795 350 2864 3.
403 2786 447 2857 ln
474 2781 547 2856 hoe
575 2797 702 2856 antem
728 2780 989 2877 dissentiunt,¹
1014 2780 1105 2885 quid
1138 2780 1189 2856 sit
1213 2780 1409 2858 beatitudo
1440 2796 1481 2857 et
1514 2807 1609 2885 quae
1642 2783 1725 2884 ejus
1757 2810 1845 2861 vera
1877 2850 1881 2856 .

144 2920 303 2996 aaran?
325 2919 370 3008 ⁴).
426 2919 538 3007 sunt,
571 2916 941 3019 quintanensis,
975 2933 1080 3007 sun,
1114 2918 1179 3020 qu
1206 2916 1373 3009 divitiis,
1404 2888 1706 3019 quaestoribus
1733 2920 1841 2996 irtam

35 3068 43 3077 '
145 3053 335 3131 contineri
363 3053 596 3140 existiment,
630 3053 695 3127 alii
724 3055 808 3129 aliis
836 3056 958 3131 rebus·
1017 3054 1273 3131 celeberrima
1300 3068 1359 3130 est
1385 3078 1517 3129 eorum
1544 3055 1749 3144 sententia,
1779 3055 1844 3157 qni

143 3192 295 3280 dieunt,
323 3196 478 3266 'exstare
503 3190 593 3263 boni
623 3189 761 3280 ideam,
791 3191 855 3290 (τό
874 3192 968 3261 αὐτο·
989 3193 1073 3263 καθ’
1089 3191 1204 3289 adro)
1233 3216 1329 3293 quae
1355 3215 1485 3265 caussa
1513 3189 1562 3265 sit
1589 3189 1771 3287 efficiens,
1801 3208 1852 3268 ut-

144 3325 294 3428 reliqun
321 3326 469 3414 omnia,
501 3306 748 3426 quaeeunque
777 3325 860 3425 jure
889 3326 942 3400 sie
969 3327 1227 3429 appellantur,
1261 3325 1360 3403 bona
1387 3325 1580 3401 exsistant.
1613 3322 1643 3414 ⁵)

250 3462 287 3555 §.
316 3467 352 3539 4.
409 3462 494 3558 Qua
521 3461 568 3536 de
594 3485 635 3534 re
662 3475 770 3536 acute
796 3460 1067 3562 subtiliterque
1100 3460 1270 3561 judicare
1302 3461 1463 3563 poteris,
1505 3461 1536 3536 si
1563 3460 1681 3536 varias
1712 3460 1844 3537 buma-

143 3622 218 3672 nae
248 3596 347 3672 vitae
379 3597 545 3672 rationes
577 3595 813 3698 perspexeris
854 3612 893 3674 et
926 3595 1195 3673 aestimaveris.
1239 3587 1268 3686 ⁴)
1345 3596 1433 3672 Tria
1473 3596 1663 3676 discernes
1694 3624 1842 3700 genera,

206 3935 233 4009 ¹)
274 3943 373 3998 Ethic.
397 3944 514 3998 Ninum.
536 3943 562 3997 1.
583 3959 613 3997 r.
640 3945 742 4001 1-6.
769 3960 797 4014 p·
824 3941 916 4002 1094.
959 3942 1063 4016 Maga.
1086 3959 1160 3998 mor.
1183 3944 1206 3999 1.
1229 3958 1260 4014 p-
1285 3945 1377 4003 1182-
1400 3961 1428 3998 ν.
1452 3944 1599 4005 88-85.

207 4053 236 4127 ²)
280 4060 313 4114 c.
335 4061 357 4114 1.
379 4078 407 4114 v.
433 4064 556 4118 s-sr.

206 4164 1599 4249 ⁸)otenwanmwaw-nw-mundanusamu

206 4284 233 4360 ⁴)
275 4294 820 4365 c.tp..1o95.v.2o-25;-
844 4296 886 4348 M.
910 4312 950 4348 m.
975 4312 1004 4366 p·
1030 4296 1122 4354 atos.
1146 4299 1178 4355 2·
1222 4293 1756 4368 anic.1tae.p.1214.v.1erc.

208 4372 235 4471 ‘i
278 4410 375 4464 arnse.
400 4409 516 4464 nacon.
540 4429 568 4481 p.
595 4412 685 4469 1095.
707 4429 734 4466 v.
758 4414 906 4473 ass-as.

209 4512 236 4591 ⁸)
281 4526 314 4580 c.
337 4528 360 4582 1.
383 4545 409 4581 v.
437 4527 581 4587 14-19.
1424 4601 1481 4684 μ
1592 4583 1594 4587 .
