4334 5490
829 265 1320 347 *ga-.-

224 525 499 610 casuautper
525 510 630 592 Deos
656 505 766 579 beate
784 502 938 591 rivere,
979 503 1116 592 rationi
1145 527 1298 605 qnoque
1323 501 1642 581 accommodatius
1669 517 1742 591 est,
1779 503 1937 606 quippe

147 684 159 697 1
226 673 342 747 quum
378 672 439 721 res
459 643 657 737 ,naturales
691 642 797 714 itan
832 632 961 715 natura
995 637 1356 740 comparataesint,
1398 639 1549 715 utsint
1581 639 1936 740 pulcherrimast)

227 754 412 857 Defendit
431 780 596 866 Noster,
628 775 1003 870 beatitudinemsnon
1030 801 1112 850 esse
1138 800 1257 867 rema
1279 789 1688 876 naturaprocreatam3
1721 789 1760 848 et
1775 774 1940 860 nihilo·

228 916 352 993 minus
375 914 559 1017 legibus,
609 912 754 1011 quibus.
787 926 934 985 tantum
972 936 1031 985 res
1070 909 1258 984 naturales
1299 909 1564 1012 continentur,
1608 910 1728 1002 utitur
1765 910 1812 989 ad
1856 909 1938 993 lane

229 1050 372 1151 ipsum,
414 1063 457 1121 ut
490 1071 566 1163 non
582 1045 648 1120 'sit
681 1071 740 1121 res
774 1071 794 1119 a
829 1060 959 1120 natura
993 1059 1206 1146 procreata,
1249 1045 1510 1121 evincendum.
1584 1045 1642 1119 En
1672 1044 1943 1146 gravissimam,-

230 1156 530 1285 repugnantiam.
588 1251 592 1257 .

145 1300 148 1304 Δ
333 1317 371 1409 ὃ.
407 1319 468 1393 45.
538 1315 650 1411 Quod
690 1316 789 1389 ad
779 1306 898 1419 ipsam
939 1281 1124 1390 humanae
1164 1315 1427 1391 destinationis
1469 1315 1663 1391 notionem
1700 1317 1746 1391 ab
1785 1317 1940 1393 Aristo·

232 1452 312 1528 tele
338 1452 561 1540 exhibitam,
601 1450 755 1537 attinet,
799 1451 924 1551 negari
954 1476 1030 1525 non
1065 1464 1207 1551 potest,
1246 1452 1356 1550 quin,
1397 1452 1566 1551 quamvis
1597 1453 1713 1552 magis
1741 1455 1837 1528 recti
1867 1455 1940 1529 bo·

232 1588 348 1686 nique
381 1613 508 1674 sensu,
544 1612 655 1692 quam
684 1585 818 1658 mentis
846 1586 1065 1686 sagacitate,
1101 1585 1255 1660 omnino
1284 1611 1358 1660 non
1387 1587 1676 1675 contemnenda,
1716 1588 1937 1676 duceretur,

233 1721 431 1797 veritatem
459 1747 578 1823 prope
605 1720 757 1794 modum
785 1720 970 1821 attigerit,
1012 1719 1142 1797 virtuti
1171 1719 1309 1822 primas
1338 1733 1461 1824 partes
1489 1722 1721 1822 impertiens.
1787 1723 1941 1798 Mirum
2012 1725 2021 1732 ’

233 1872 359 1930 tamen
382 1864 468 1944 est,¹
490 1858 593 1956 quod
613 1848 901 1963 destinationem
923 1856 1098 1931 felicitati
1121 1827 1365 1960 aequiparare
1384 1857 1496 1932 ausus
1517 1872 1586 1931 est.
1643 1857 1763 1952 Quid,
1784 1856 1824 1931 si
1847 1858 1940 1959 quis

236 2006 406 2092 quaerat,
436 1964 523 2066 num
553 1981 765 2066 necessario
791 1992 957 2080 eveniat,
986 2005 1027 2066 ut
1054 1993 1102 2081 is,
1131 1993 1195 2092 qui
1213 1966 1509 2097 *destinationem
1535 2007 1770 2094 assequatur,
1799 1966 1956 2070 beatus,

238 2127 308 2227 sit..
356 2127 393 2200 si
420 2125 513 2200 mihi
540 2126 614 2228 ipsi
642 2125 785 2227 aliquid
814 2150 986 2227 propono
1013 2142 1052 2201 et
1073 2128 1311 2228 propositum
1332 2152 1525 2228 assequor,
1555 2154 1643 2201 sane
1667 2106 1707 2201 re
1728 2129 1827 2203 bene
1853 2144 1941 2205 acta

235 2260 423 2349 delector,
464 2261 529 2336 illa
557 2276 682 2336 tamen
709 2259 929 2349 destinati0,
962 2288 1073 2363 quam
1100 2262 1245 2352 laudas,
1272 2288 1331 2338 res
1356 2262 1403 2335 ab
1430 2264 1527 2351 atio,
1560 2262 1737 2338 nimirum
1761 2264 1941 2339 omnium

237 2422 361 2471 rerum
390 2410 559 2469 creatore
586 2372 790 2468 mihi-data
812 2397 857 2471 'et
883 2397 987 2497 quasi
1017 2397 1053 2472 vi
1081 2397 1222 2474 intrusa
1247 2398 1413 2484 videtur,
1433 2425 1560 2498 ,quam
1586 2399 1615 2472 si
1641 2424 1713 2472 non
1733 2397 1941 2501 agnoscam

153 2548 159 2561 ’
238 2546 351 2635 etex
378 2530 501 2625 libero
528 2529 684 2604 arbitrio
717 2530 811 2605 mihi
846 2547 1022 2632 tanquam
1056 2534 1168 2607 linem
1197 2557 1422 2636 proponam,
1464 2532 1494 2606 si
1522 2533 1650 2635 potins
1683 2532 1825 2642 inuitus
1854 2560 1943 2610 eam

177 2667 180 2672 ’
240 2690 391 2767 sequar,
423 2679 571 2768 tantum
600 2664 721 2753 abest,
750 2682 792 2740 ut
818 2666 900 2766 ejus
928 2666 1116 2768 particeps
1141 2667 1280 2768 gaudio
1307 2666 1466 2756 afficiar,
1495 2683 1536 2741 ut
1563 2669 1766 2742 verendum
1794 2668 1863 2769 sit,
1894 2694 1945 2746 ne

238 2799 410 2874 laborum
439 2797 703 2899 perfunctione
731 2816 769 2874 et
802 2824 1061 2890 aerumnarum
1089 2803 1216 2876 taedio
1244 2802 1380 2878 mirum
1408 2804 1447 2876 in
1474 2804 1626 2876 modum
1654 2802 1829 2879 crucier(
1874 2802 1944 2879 Ni-

164 2928 180 3011 ,’
238 2933 377 3008 mirum
414 2959 461 3007 ne
492 2932 585 3008 haec
618 2935 770 3035 quidem
804 2937 1010 3024 dubitatio,
1053 2936 1222 3038 quamvis
1250 2961 1389 3039 procax
1421 2952 1461 3012 et
1485 2937 1601 3038 impia
1630 2938 1826 3013 nonnullis
1854 2966 1945 3035 esse

218 3051 429 3157 rideatur,
469 3067 716 3167 relinquenda
742 3086 837 3156 erat3
877 3070 1091 3146 Aristotelis
1119 3087 1199 3145 erat
1225 3072 1421 3173 explorare
1450 3088 1488 3147 et
1515 3072 1703 3161 evincere,
1744 3046 1945 3174 quomodo

243 3228 437 3305 cogamur,
478 3219 520 3277 ut
553 3203 709 3278 rationis
743 3206 942 3306 praecepta
978 3220 1057 3279 rata
1084 3203 1303 3295 habeamus,
1348 3207 1502 3295 deinde,
1551 3231 1623 3306 qua
1663 3206 1810 3319 ratione
1845 3207 1947 3286 haec
1982 3236 1989 3243 ·

244 3341 445 3415 necessitas
480 3365 563 3414 cum
590 3316 712 3415 libero
738 3340 893 3414 delectu
921 3340 1141 3430 concordet,
1182 3341 1408 3443 praesertim
1429 3368 1545 3443 quum
1579 3314 1781 3432 necessitas
1813 3342 1947 3422 libero

243 3458 410 3553 delectui
437 3498 601 3574 prorsus
616 3500 824 3576 repugnare
850 3476 1032 3549 rideatur.
1083 3518 1087 3525 ·

347 3609 387 3702 ὃ.
417 3615 479 3686 46.
533 3609 600 3685 llis
616 3609 814 3705 omnibus,
844 3637 880 3683 nr
871 3609 1031 3698 fallor,
1060 3608 1148 3683 satts
1169 3635 1412 3715 perspicuum
1438 3624 1508 3699 est,
1537 3592 1779 3685 Aristotelem
1801 3616 1949 3709 summi

246 3743 337 3819 boni
366 3741 559 3856 notionem
585 3770 631 3818 ex
659 3744 856 3847 principiis
884 3745 963 3820 sive
989 3744 1177 3831 sontibus,
1206 3769 1299 3845 quos
1325 3743 1397 3818 sibi
1425 3771 1472 3820 cx
1498 3744 1653 3819 arbitrio
1680 3744 1787 3845 quasi
1812 3743 1951 3852 elegit,

247 3866 317 3953 rico
334 3876 417 3951 sibi
437 3848 695 3993 constantem,
735 3905 804 3955 nec
831 3874 1018 3989 cogitandi
1031 3852 1193 3981 legibus
1221 3850 1506 3954 convenienter
1515 3879 1709 3980 agnovisse
1735 3895 1775 3954 et
1801 3881 1953 3962 deseri·

140 4106 144 4112 .
246 4013 377 4132 psissje.
416 3984 540 4107 Quae
565 3990 621 4088 'de
638 4012 832 4088 hominum
860 4040 1035 4116 supremo
1062 3991 1153 4102 fine,
1181 4006 1486 4090 destinationem
1498 4014 1602 4145 dico,
1630 4013 1756 4115 magis
1767 4005 1954 4100 minusve

248 4164 352 4226 reete
378 4146 542 4236 monuit,
571 4173 617 4223 ea
643 4147 760 4250 magis
787 4149 880 4226 recti
907 4128 1074 4250 bonique
1100 4125 1212 4224 sensu
1237 4150 1389 4240 ductus,
1430 4139 1540 4251 quarn
1565 4148 1766 4271 dialectica
1795 4148 1955 4272 ratione

298 4435 334 4510 ¹)
377 4443 507 4498 c.1.1.
539 4446 589 4500 ιι.
616 4458 647 4513 p.
672 4443 764 4500 1099.
