4334 5490
837 350 990 365 --
1053 305 1328 387 ffi‚.-„

179 577 182 581 ·
228 551 302 631 sibi
329 549 476 654 expetit
504 550 582 654 (cp.
599 551 672 654 4),
709 551 905 624 Praeterea
929 546 1068 621 Noster
1095 545 1269 623 evincere
1295 561 1451 620 conatus
1473 560 1549 636 est,
1584 522 1800 649 supremum
1821 550 1935 627 linem

229 714 312 766 esse
339 713 525 762 summum
551 686 704 761 bonum.
758 683 836 760 Nos
863 697 994 758 contra
1020 708 1068 758 ne
1094 680 1184 755 huic
1213 679 1365 784 quidem
1386 681 1545 758 rationis
1566 683 1803 761 conclusioni
1826 689 1936 789 plau·
2011 654 2019 722 s

231 849 316 900 sum
343 822 526 899 dedimus.
578 819 693 909 Satis,
712 790 761 894 ’ni
789 818 961 895 lallimur
987 818 1067 918 (cp.
1091 820 1136 916 5)
1164 817 1424 919 probavimus,
1457 818 1682 894 sententiam
1709 820 1834 911 illam,
1862 849 1937 924 qua

233 959 369 1037 nititur
399 957 522 1035 omnis
557 953 850 1057 argumentati0‚
892 979 968 1029 non
996 953 1042 1027 ab
1069 953 1173 1028 omni
1199 968 1307 1055 parte
1343 977 1424 1028 esse
1457 978 1601 1043 veram,
1641 956 1741 1054 quod
1769 943 1966 1033 erratum'

233 1093 368 1172 exinde
395 1092 608 1195 profectum
637 1117 739 1182 esse,
780 1089 883 1194 quod
908 1089 1050 1166 bonum
1077 1087 1294 1166 absolutum
1321 1101 1360 1165 et
1385 1080 1593 1168 relativum
1616 1090 1838 1170 inconsulto
1864 1092 1936 1177 mi,-

233 1231 375 1306 acuerit
401 1226 667 1333 philosophus.

888 1691 1133 1780 CAPUT
1191 1691 1277 1782 VI.
1380 1716 1395 1722 '⁴

280 1956 282 1961 .
339 1893 378 1988 ς).
407 1901 469 1974 57.
522 1895 726 1996 Postquam
744 1890 968 1977 Aristoteles
995 1920 1183 1969 summum
1208 1891 1351 1968 honum
1369 1890 1479 1968 beata
1500 1890 1577 1967 vita
1598 1889 1784 1968 contineri
1807 1907 1935 1971 osten·

235 2028 309 2118 dit,
347 2029 393 2104 ed
429 2049 553 2109 veram
586 2029 669 2132 ejus
704 2045 875 2105 naturam
910 2031 1102 2134 copiosius
1135 2028 1397 2132 explicandam
1423 2027 1675 2131 progreditur.
1757 2030 1865 2128 Quae
1892 2044 1935 2109 ut

234 2165 447 2243 accuratius
475 2167 694 2279 delinietur,
729 2138 986 2270 quaerendum
1013 2194 1095 2244 esse
1122 2156 1347 2257 existimat,
1374 2191 1488 2267 quem
1515 2139 1561 2238 ad
1586 2163 1701 2239 finem
1726 2162 1841 2241 hemo
1869 2193 1964 2242 ua··

235 2317 296 2379 tus
323 2301 445 2403 siti)
499 2303 595 2379 Nam
621 2303 662 2379 in
687 2319 853 2381 mentem
882 2304 986 2380 venit
1011 2303 1266 2406 philosopho,
1299 2316 1339 2380 et
1356 2300 1644 2377 multitudinem
1669 2306 1715 2376 'et'
1733 2300 1831 2377 bene
1852 2326 1934 2378 mo-

235 2454 357 2515 ratum
384 2438 507 2517 uirum
533 2439 574 2517 in
600 2441 736 2541 vulgus
762 2438 854 2514 huic
880 2411 1052 2542 opinioni
1073 2440 1271 2530 adsentiri,
1306 2436 1562 2541 quahominis
1583 2435 1788 2514 destinatio
1813 2437 1934 2514 actio*

176 2560 180 2565 ⁵
236 2601 323 2649 num
349 2575 596 2650 humanarum
624 2601 821 2679 supremus
847 2589 888 2652 et
914 2576 1069 2653 ultimus
1101 2576 1187 2652 finis
1220 2574 1422 2677 judicatur.
1491 2574 1596 2669 Quid
1622 2573 1776 2662 mirum,
1817 2600 1934 2675 quum

235 2711 433 2811 utriusque
466 2710 620 2814 liuguae
655 2702 745 2788 usus
779 2712 1018 2788 documento.
1043 2712 1110 2803 sit,
1160 2725 1358 2815 utramque
1397 2709 1591 2786 notionem
1624 2709 1859 2810 plerumque.
1886 2710 1936 2785 ab

233 2844 450 2939 hominibus
477 2847 640 2925 misceri.
709 2847 869 2924 Graecis
896 2857 1061 2941 ,,ἔργον“
1087 2862 1126 2925 et
1152 2855 1304 2939 ,auom
1330 2846 1481 2949 saepius
1507 2843 1609 2919 idem
1636 2859 1760 2933 sonat,
1796 2860 1835 2919 et
1862 2845 1934 2921 Laa

235 2981 308 3056 tini
334 2983 468 3058 eodem
488 2984 604 3059 verbo
631 2984 767 3074 „finis‘·‘
793 2985 839 3060 ad
852 3000 1057 3090 utramque
1084 2985 1367 3087 significandam
1387 2995 1557 3058 utuntur.
1610 2981 1806 3056 Praeterea
1833 2986 1936 3071 talp-

237 3143 341 3209 γιιαν
368 3119 447 3232 sire
473 3122 698 3208 ἐντελέχειαν
727 3120 850 3198 inesse
875 3121 1042 3212 homini,
1081 3121 1180 3199 hanc
1210 3136 1337 3199 tamen
1369 3115 1607 3197 ethominis
1628 3118 1754 3193 linem
1782 3132 1821 3195 et
1847 3115 1934 3226 ficis

235 3254 493 3355 appetentiam
520 3257 744 3359 complecti,
776 3284 941 3360 eumque
968 3243 1151 3363 perlicere
1178 3274 1319 3334 censet.
1380 3253 1658 3332 Destinationis
1686 3254 1805 3353 igitur
1827 3253 1868 3330 vi
1893 3270 1935 3330 et
2003 3233 2005 3237 Ι

234 3403 367 3465 natura
401 3391 572 3493 exposita
604 3390 704 3468 haud
736 3393 868 3496 inique
896 3396 1034 3472 Noster
1066 3404 1209 3498 sperat,
1252 3393 1372 3481 fore,
1394 3406 1438 3466 ut
1468 3386 1608 3466 clarius
1641 3389 1936 3491 distinctiusque

235 3524 402 3613 eluceat,
436 3525 575 3628 quibus
601 3528 715 3604 rebus
743 3517 930 3606 summum
956 3528 1121 3607 hominis
1149 3530 1291 3605 bonum
1317 3527 1569 3605 contineatur.
1899 3625 1903 3631 ὴ

338 3660 376 3755 §.
406 3667 465 3739 88.
521 3664 577 3739 Ad
604 3687 664 3754 ea,
707 3690 805 3766 quae
830 3663 903 3743 hac
928 3665 975 3741 de
1001 3693 1043 3743 re
1068 3665 1277 3770 disputavit
1302 3662 1541 3753 Aristoteles,
1568 3659 1828 3763 dijudicanda,
1862 3658 1938 3736 mi-¹

232 3776 318 3876 rum
347 3790 527 3900 quantum
554 3800 729 3888 interest,
772 3815 815 3876 ot
841 3800 1124 3878 nobiscertum
1150 3819 1350 3904 ratumque
1377 3799 1451 3892 sit,
1484 3822 1561 3902 quo
1588 3819 1634 3873 ex
1661 3797 1767 3872 fonte
1795 3810 1835 3872 et
1860 3793 1934 3899 qua

232 3934 383 4011 ratione
415 3933 542 4037 aliqua
575 3935 623 4013 de
656 3935 822 4012 hominis
855 3936 1110 4015 destinatione
1143 3939 1303 4015 scientia
1335 3933 1541 4012 haurienda
1574 3933 1636 4008 sit.
1687 3935 1814 4009 ·Unus
1846 3930 1939 4006 lons

234 4070 358 4152 omnis
380 4069 657 4170 intelligentiae
677 4071 968 4176 philosophicae
989 4088 1047 4149 est
1066 4093 1196 4150 sensus
1219 4062 1389 4150 internus
1417 4072 1502 4170 (das
1521 4067 1938 4167 Selbstbewusstsein).-

231 4204 335 4282 Huic
361 4205 505 4309 placito
527 4207 607 4286 sive
631 4224 763 4312 aperte
789 4209 870 4289 sive
895 4224 998 4287 tecte
1030 4209 1077 4285 ad
1104 4229 1221 4286 unum
1253 4234 1384 4286 omnes
1414 4206 1632 4286 consentire
1662 4201 1939 4307 philosophan-

295 4507 883 4593 ¹)1run.mnm.1.·s.p;roat.
976 4551 979 4555 <
1103 4486 1128 4548 Ῠ
